2618 4604
473 343 475 346 -
527 321 728 342 ·‘·*·········
1075 311 1137 357 1111

125 469 207 542 erat,
238 464 310 524 eum
338 462 481 544 judicum
520 463 640 522 animos
667 463 760 542 plane
786 462 969 542 perspectos
998 461 1133 544 habem3
1187 523 1190 532 ,

126 549 449 633 quamohrem'etiam
475 547 566 607 uobis
592 547 715 626 judices
747 549 954 622 cognoscendi
981 553 1066 625 suut,‘
1095 553 1133 608 ut

116 633 228 717 'qualis
254 636 297 694 sit
325 635 426 694 oratio
452 633 652 706 sentiamusa'
669 635 701 690 et
725 635 771 694 nti
788 629 1009 692 Demosthenis
1034 638 1152 694 artem

126 721 323 797 admiremur,
345 721 479 778 sciamus
502 737 631 776 neeesse
654 727 713 794 est,
727 715 835 795 quales
855 715 972 776 fuerint
992 739 1060 797 quo,
1080 720 1133 778 ille
1220 715 1222 720 Χ

55 858 69 886 Ι
126 805 257 866 «licebatv
277 809 418 884 tempore
452 802 673 864 Athenienses.
728 798 819 879 Quos
833 805 878 888 „ut
898 801 1006 881 paucis
1028 797 1135 863 adum-

125 891 252 949 bremus
273 905 356 948 nunc
378 881 529 946 intererit.
555 905 558 910 ’
946 903 951 912 ·
1051 959 1052 968 ¹

212 972 254 1032 Ut
273 973 427 1052 hodieque
448 971 479 1030 in
493 970 681 1052 populorum
702 989 786 1029 mare
803 969 1060 1032 mediterraneum
1083 991 1134 1030 ao-

128 1059 294 1120 eolenlium
325 1058 417 1117 etiarn
443 1057 557 1115 intimis
585 1055 745 1114 ordinibus
773 1055 872 1114 multo
905 1056 1023 1135 major*
1040 1057 1135 1116 animi
1221 1093 1222 1096 =

128 1145 298 1218 subtilitas,
323 1161 462 1216 acumen,
490 1141 612 1218 agilitas
635 1140 727 1215 inest,
749 1145 841 1219 quam
866 1140 896 1198 in
917 1139 1044 1219 populis
1065 1163 1136 1221 sep-

128 1227 378 1304 tentrionalibus,
397 1227 442 1284 ita
464 1245 515 1284 res
539 1246 580 1284 se·
593 1223 726 1286 habebat
746 1226 838 1300 etiam
851 1227 1000 1285 ,veterum
1021 1232 1135 1301 aetate,

127 1315 222 1392 idque
250 1313 294 1371 ita
322 1315 359 1370 ut
379 1312 499 1370 veteres
519 1311 713 1389 praestarent
737 1309 974 1386 recentioribus,
996 1313 1135 1392 quamto-⁸

129 1399 253 1478 quidem
277 1396 358 1475 apud
383 1391 518 1454 Graecos
531 1393 753 1472 Romanosque
769 1392 936 1453 mullitudo
957 1396 1057 1474 ipsius
1077 1397 1137 1454 rei·
1224 1387 1228 1402 '

126 1483 275 1563 publicae
291 1481 494 1539 moderandae
516 1471 615 1537 multo
638 1478 736 1554 magis
758 1478 913 1557 particeps
935 1484 1011 1554 erat,
1031 1481 1137 1560 itaque

128 1569 222 1626 altius
238 1565 398 1638 teudebat3
423 1582 609 1644 quamquam
632 1577 744 1621 rursus
767 1561 887 1640 laoilius
908 1563 1013 1638 tiebat,
1031 1567 1068 1622 ut
1089 1585 1137 1622 ra.
1239 1621 1246 1641 Ι

128 1654 249 1711 tionum
272 1643 461 1730 reipublicae
488 1649 657 1724 integritas·
680 1643 905 1720 obscoenarum
927 1647 1135 1708 multitudinis

127 1737 289 1804 libidinum
319 1734 465 1794 sordibus
494 1733 742 1812 adspergeretur.
797 1727 867 1790 Non
888 1731 967 1790 ''elieo
995 1733 1137 1794 doctrina
1230 1775 1231 1784 η

131 1825 225 1899 atque
252 1815 425 1879 eruditione
451 1819 617 1896 superatos
646 1817 930 1888 esse-recentiores
958 1818 1094 1897 populos
1118 1838 1137 1876 a
1160 1831 1162 1834 '

129 1905 297 1982 veteribus,
330 1925 410 1984 quos
437 1901 615 1982 contrahis
643 1897 736 1959 rebus
760 1901 922 1961 inferiores
945 1902 1043 1961 fuisse
1064 1903 1138 1961 e'on-

32 2055 33 2060 *
131 1991 297 2064 tenuerim,
325 1979 582 2065 sedsingerrium,
605 2005 667 2044 non
694 1982 831 2045 adhibita
858 1983 1037 2066 disciplina,
1063 1988 1140 2066 quia
1235 2015 1236 2020 ¹

130 2077 333 2136 versabantur
360 2077 481 2132 veteres
508 2071 617 2151 populi
639 2071 670 2128 in
693 2068 787 2129 rebus
812 2067 957 2150 publicis,
989 2071 1136 2132 subtilius
1254 2082 1255 2085 ’

133 2161 301 2234 sentiebat3
323 2159 368 2216 ita
389 2162 499 2216 uttam
519 2177 569 2215 res
589 2154 729 2238 publicas
741 2155 884 2233 judicare
897 2176 988 2238 quam
1008 2159 1138 2234 gustum
1204 2173 1207 2186 ’

132 2245 241 2306 artium
257 2245 501 2320 'litterarumque
528 2261 638 2320 capere
666 2243 788 2318 posset,
812 2261 908 2326 quum
930 2241 1050 2320 species
1072 2242 1137 2300 ani·
1177 2297 1178 2302 ,

130 2349 180 2387 mo
204 2329 352 2389 conflatas
374 2328 405 2384 in
425 2341 528 2388 rerum
547 2331 658 2384 natura
678 2327 805 2404 ponere,
820 2329 889 2392 tam
911 2330 1051 2386 veterum
1075 2335 1147 2385 ιῐιο-Ι

130 2416 228 2472 moria
256 2432 350 2494 quam
374 2414 485 2470 nostra
510 2429 617 2470 eorum
646 2411 745 2486 esset,
777 2410 992 2490 qoidoetrina
1014 2412 1064 2470 usi
1089 2431 1138 2470 es·

131 2504 201 2558 sent
221 2501 314 2578 atque
336 2495 510 2575 disciplina.
556 2491 662 2575 Atque
690 2495 722 2552 id
749 2496 833 2576 quod
854 2491 1016 2576 propriuin
1038 2495 1137 2556 fuisse

130 2579 321 2644 Graecorum
343 2579 618 2659 Romanorumque
639 2579 702 2638 dixi
719 2581 1085 2660 universorumpmirum
1104 2581 1137 2638 in

128 2670 256 2730 modum
278 2667 441 2747 proprium
461 2669 528 2724 erat
548 2667 630 2724 inter
642 2661 1139 2744 GraecosAtheniensiummpud
1220 2693 1224 2698 ·

132 2771 333 2832 quosmquae
360 2771 397 2808 ex
418 2751 538 2811 sollerti
559 2753 670 2809 natura
691 2751 884 2833 maximeque
905 2748 1013 2808 mobili
1035 2751 1138 2808 animo

62 2887 64 2892 ,
88 2885 91 2892 ,
134 2833 220 2891 nasei
242 2835 362 2892 soleant
382 2835 414 2892 in
432 2839 595 2914 utramque
617 2839 747 2914 partem,
767 2833 1042 2914 mirabiliternata
1056 2836 1139 2896 sunt.

134 2913 204 2976 Non
227 2918 332 2997 potuit
355 2937 416 2976 non
434 2921 514 3000 apud
534 2937 588 2977 eos
609 2917 775 2978 multitudo
798 2917 935 2976 omnium
957 2911 1059 2976 rerum
1081 2939 1139 2997 po·-
1210 2922 1212 2927 '
1281 3001 1282 3012 χ

133 3001 210 3088 tiri3·
233 3001 289 3060 sed
319 3003 394 3062 haee
421 3005 580 3085 popularis
609 3003 690 3062 ratio
719 3002 767 3060 vel
796 3021 891 3082 quum
927 3003 1019 3062 finem
1046 3023 1138 3084 quem

133 3085 384 3166 consequebatur
404 3087 629 3168 propemodum
652 3081 823 3161 ex'eederet,
842 3107 899 3167 per
916 3089 1053 3169 spatium
1074 3089 1140 3146 sere

10 3215 11 3220 κ
133 3161 343 3231 saeculiimlo
370 3193 389 3230 a
413 3170 573 3232 Clisthene
598 3174 758 3252 usquead
787 3169 946 3249 Perimam,
970 3173 1163 3232 verae-rei-r

134 3257 275 3334 publicae
299 3262 395 3336 atquo
423 3259 501 3315 adeo
522 3255 668 3327 Graeciae
688 3257 781 3316 saluti
804 3259 996 3318 consulebat.
1045 3255 1141 3338 Quod

131 3341 197 3400 lieri
218 3363 287 3402 non.
303 3343 410 3421 potuit
432 3342 492 3400 nisi
521 3343 553 3400 in
582 3363 620 3400 eo
642 3342 772 3422 populo,
792 3343 885 3423 eujus
911 3347 1022 3402 natura
1043 3359 1141 3419 capax
1174 3359 1180 3370 '·

80 3433 83 3440 '
127 3431 214 3486 'esset
232 3445 426 3486 summorum
446 3426 667 3506 exemplarium
687 3426 792 3506 etqui
813 3447 848 3485 re
865 3447 937 3486 rara
958 3447 995 3484 ea
1014 3423 1141 3504 appete-

90 3567 92 3570 .
128 3516 188 3571 ret.
236 3509 383 3590 Quorum
409 3511 483 3588 quia
508 3530 639 3590 capaces
667 3515 755 3570 erant
783 3507 990 3572 Athenienses
1019 3508 1140 3570 artibus

129 3594 305 3676 litterisque
326 3594 570 3669 delectabantur,
591 3595 734 3664 itania
756 3615 876 3655 morum
898 3589 1067 3676 asperitate
1086 3596 1141 3654 ab·

127 3679 304 3757 horrerent,
316 3676 459 3737 Deorum
479 3680 652 3738 reverentia
673 3678 786 3738 imbuti
807 3684 906 3756 erant,
926 3697 1006 3762 quae
1027 3679 1140 3739 efficie-

129 3762 203 3837 bat,
234 3770 270 3822 ut
299 3763 440 3840 religiosi
472 3769 594 3837 essent,
624 3763 744 3844 patriae
776 3766 904 3824 oaritate
937 3765 1142 3841 excellebant,-

130 3848 286 3926 quamoti
311 3848 408 3924 leges,
440 3849 556 3928 quippe
584 3869 664 3927 quae
691 3848 882 3926 reipublicae
907 3849 1154 3912 fundamentum

104 3935 249 4004 essent,
280 3931 426 4010 religiose
447 3929 624 4008 tuebantur,
656 3932 849 4024 humanitatek
871 3933 1002 4014 deniquo
1025 3935 1155 4012 gaude·¹
1190 3993 1191 3998 ,
1258 3997 1260 4004 ,
1301 3981 1303 3984 -

130 4015 224 4090 bant,
261 4035 339 4094 quae
371 4016 576 4099 impediebat,
619 4018 785 4096 quominus
819 4038 910 4078 suurn
928 4020 1140 4082 vcommodum

129 4103 307 4179 spectantes
327 4097 516 4179 reliquarum
535 4102 697 4177 civitatum
716 4101 969 4182 populorumque
992 4100 1140 4160 Graeeiae

101 4183 102 4186 ’
129 4183 304 4286 rationibus
325 4184 417 4243 alieni
435 4189 551 4247 essent.
576 4183 638 4246 seu
657 4192 834 4276 postquam
844 4187 1001 4268 populun
1009 4185 1154 4262 imperio
