2618 4604
31 359 38 368 ἱ
156 291 230 341 nr

172 450 276 528 rumis·
287 449 380 532 aneto
403 429 558 527 contraria
575 449 778 529 ,optimatium
800 450 1013 534 nobiliumque
1033 459 1112 516 ratio
1126 455 1184 518 ob·

173 535 342 613 nitebatur,
362 555 457 614 quum
477 534 767 608 intestinaelurere
786 538 956 616 inciperent
968 544 1183 604 contentiones

63 629 64 634 ’
143 683 144 692 ¹
175 625 207 680 et
240 621 351 697 volgus
369 618 618 678 ¹Atheniensium
652 621 682 680 in
713 641 769 679 rua
802 622 962 702 republica
994 623 1183 708 Graeciaque

174 707 361 765 auctoritate
379 709 411 762 et
431 701 549 764 viribus
563 706 565 710 ’
577 704 774 785 praepollens
787 706 972 767 ¹dominandi
990 709 1183 794 habendique
1234 724 1241 737 ¹

174 791 318 870 cupidine
347 791 486 866 arderet,
512 796 604 848 aucta
617 791 770 866 luxurie,
804 795 909 864 mores
937 795 1184 874 depravabantur

173 877 409 954 animorumque
425 875 578 948 sollertia,
609 873 772 935 honestate
785 876 925 956 abjecte,
943 879 975 937 in
998 879 1037 938 iis
1061 881 1183 946 artibus

171 959 365 1033 versabatur,
384 959 503 1039 quibus
527 979 614 1018 suam
641 960 775 1041 quisque
794 962 1182 1045 utilitatemeonsequere'·

116 1059 119 1062 ·
173 1047 236 1121 tur,
270 1045 398 1103 deorum
432 1043 535 1102 cultus
567 1045 606 1101 ad
642 1049 828 1125 sumptuosa
857 1047 1030 1125 sollemnia,
1060 1043 1180 1129 *quibus
1258 1111 1259 1124 ¹

169 1130 283 1204 ‚oculos
303 1134 490 1209 ventresque
513 1129 694 1207 pastereut,
721 1130 868 1209 delapsus
890 1132 1071 1210 religionem
1094 1155 1181 1193 ever·
1258 1159 1260 1164 ’

171 1213 268 1289 tebat,
290 1207 543 1294 patriae‘caritas
557 1213 798 1274 convertebatur
814 1215 848 1273 in
860 1216 1019 1288 libidinem
1030 1217 1181 1297 injustam
1230 1260 1232 1264 .

75 1339 77 1344 ·
171 1299 314 1358 ditandae
342 1298 530 1377 reipublicae
558 1319 620 1357 non
646 1298 761 1357 solum<
778 1319 847 1360 curn
870 1301 999 1360 aliarum
1019 1298 1181 1366 civitatum
1223 1327 1224 1337 ¹

65 1395 67 1400 ’
133 1461 135 1468 Α
170 1383 294 1460 damno,
328 1385 384 1442 sed
410 1383 503 1442 etiam
532 1383 633 1462 ipsius
661 1383 851 1462 reipublicae
876 1386 1105 1466 'opulentorum
1139 1391 1182 1449 ci,

169 1469 266 1546 vium,
287 1469 380 1547 vulgo
401 1488 464 1526 non
483 1468 605 1527 volente
626 1471 663 1525 ut
680 1487 756 1547 opes
777 1468 815 1549 pd
836 1489 904 1528 rem
918 1457 1075 1551 publicam
1097 1475 1181 1533 adhi-

169 1552 344 1629 berentur,
364 1554 418 1612 sed
444 1556 481 1611 ut
507 1553 693 1631 cupiditates
709 1573 799 1611 suae
834 1556 1046 1635 replererrtur3
1073 1579 1206 1638 quams

80 1711 86 1716 ..
126 1661 128 1666 ·
170 1635 278 1697 obrem
296 1639 329 1697 in
361 1639 420 1696 ore'
438 1636 562 1717 quidem
594 1635 750 1696 habebant
776 1639 861 1716 leges
895 1639 1179 1722 incredibiliterque
1216 1675 1217 1678 ¹

169 1724 390 1804 multiplicatas
409 1722 441 1780 in
461 1721 588 1796 tabulis,
610 1723 666 1780 sed
690 1723 811 1788 vitalis
833 1724 973 1802 carebat3
1002 1728 1178 1790 humanitas

75 1837 79 1852 η’
118 1803 120 1814 '
152 1809 302 1888 «denique
331 1806 569 1866 Atheniensium
597 1805 640 1865 ita
668 1807 940 1886 relangueseebat,
972 1815 1008 1870 ut
1038 1820 1070 1871 et
1094 1815 1188 1894 domi,

69 1961 73 1966 ι
115 1961 120 1966 ᾖ
167 1893 353 1972 temperatio
384 1891 519 1950 civitatis
548 1891 722 1952 solveretur
746 1897 779 1950 et
799 1893 877 1954 teris
897 1897 1077 1956 mercenarii
1098 1899 1177 1956 mili·
1238 1929 1241 1948 ε

74 2029 76 2032 .
155 1971 216 2036 ¹tes
244 1970 467 2058 rempublicam
498 1977 674 2054 proderent.
706 1973 877 2056 vOpulenti
903 1999 1030 2043 munera
1051 1979 1175 2058 publiea

165 2082 228 2119 non
248 2062 316 2140 jam
337 2061 398 2122 sibi
420 2060 531 2120 honori
551 2060 715 2137 ducebant,
739 2063 793 2120 sed
817 2063 1078 2140 gravissimarum
1092 2065 1175 2143 inju·
1232 2097 1270 2122 ,η

165 2146 282 2205 riarum
306 2149 377 2206 loco
401 2145 460 2205 sibi
478 2133 714 2224 numbrabantq
730 2167 831 2226 neque
857 2151 937 2222 enim
959 2150 1017 2210 diis
1040 2153 1094 2207 aut
1115 2150 1175 2219 reie

165 2231 308 2312 publicae
339 2230 511 2290 offerebant
535 2249 661 2290 suerum
685 2229 871 2290 divitiarum
891 2237 1011 2313 partem
1031 2223 1173 2312 aequam,

166 2318 220 2376 sed
240 2319 346 2398 inique
367 2315 451 2394 vulgi
470 2315 676 2400 cupiditatum
690 2318 802 2392 'gratia
817 2318 953 2396 spoliare
973 2339 1008 2376 se
1022 2317 1174 2396 cogeban-

166 2404 218 2460 tur
238 2423 272 2460 re
297 2401 438 2482 privata}
456 2421 516 2480 qua
537 2420 574 2458 ex
596 2421 630 2482 re
646 2421 707 2458 non
727 2406 852 2480 poterat
872 2403 945 2483 quin
968 2405 1174 2482 consequere-

86 2547 91 2560 ,
164 2490 230 2562 tur-,¹
251 2491 289 2554 ut¹
303 2487 426 2546 nobiles
453 2485 655 2578 opulentique
674 2485 793 2565 partim
812 2507 872 2545 non
892 2487 1068 2545 dubitarent
1089 2488 1173 2547 trau-

164 2570 260 2630 dibus
277 2593 343 2630 rem
372 2591 460 2630 suam
480 2589 605 2649 augere,
635 2567 760 2650 partim,
791 2571 886 2630 etiam
903 2572 1097 2650 periclitante
1117 2594 1190 2651 pa-„

59 2701 62 2708 «
164 2657 243 2716 triae
263 2656 418 2734 libertate,
443 2656 519 2714 ioris
541 2657 774 2736 conjurationes
787 2656 897 2734 ¹lacere
919 2656 949 2713 in
972 2659 1171 2716 evertendum

164 2742 275 2822 quovis
304 2742 406 2823 pretio
438 2739 603 2821 populare
629 2741 802 2820 imperium.
857 2736 1065 2818 Nihilominus
1097 2761 1173 2800 vcro

162 2828 229 2886 fieri
251 2847 312 2886 non
335 2827 449 2908 potuit,
468 2826 667 2905 utpristinae
688 2825 907 2904 magnitudinis
934 2821 1173 2907 splendorisque

92 2949 94 2952 -
122 2917 123 2920 ’
160 2914 340 2972 memoriam
362 2913 527 2992 perderent
547 2911 755 2970 Athenienses
775 2912 1013 2991 desinerentque
1044 2933 1081 2972 eo
1104 2914 1174 2988 glo-

160 2997 252 3071 riari,
279 2999 391 3056 immo-
406 2997 567 3056 volebant·
580 2996 689 3054 saltem
715 2997 884 3056 etiamtunc
907 2996 972 3056 illis
1002 2995 1170 3055 virtutibus
1228 3009 1232 3016 ¹

51 3074 53 3080 ’
161 3082 265 3148 drnati
289 3082 395 3140 videri.
435 3080 515 3160 *Quo
545 3101 653 3139 eorum
684 3081 789 3139 studio
817 3081 862 3138 ita
890 3082 938 3138 uti
960 3073 1096 3158 poterat,
1116 3078 1169 3156 qui
1231 3085 1232 3088 ’

160 3167 305 3226 incensos
320 3166 424 3242 vellet,
440 3169 477 3224 ut
495 3185 546 3224 res
569 3164 711 3244 pristinis
725 3165 833 3242 dignas
853 3167 1005 3241 gererent.
1053 3160 1170 3239 Quam&

160 3251 268 3310 obrem
287 3252 318 3310 in
340 3250 419 3310 hane
441 3252 561 3330 partem
581 3250 686 3327 dirigit
709 3249 758 3308 vel
779 3250 964 3308 concionans
986 3248 1035 3306 vel
1058 3267 1168 3306 causas

78 3347 79 3350 ’
159 3357 256 3414 agens
286 3337 348 3394 vim
378 3335 528 3394 orationis
560 3345 635 3395 suae
670 3329 818 3393 candidirs
850 3336 959 3394 noster
989 3337 1022 3396 et
1048 3332 1168 3411 patriae
1193 3335 1195 3340 ’
1260 3365 1262 3372 ,

159 3441 265 3486 amans
286 3419 526 3495 Demosthenes,
549 3425 586 3488 ut
599 3417 813 3478 ‘Athenienses
831 3439 913 3477 nunc
934 3418 1027 3476 alacri
1049 3417 1169 3495 patriae
1253 3464 1255 3468 Α

159 3505 367 3566 defendendae
390 3506 494 3568 studio
515 3505 737 3580 inflammaret,
760 3524 842 3563 nuno
862 3502 1004 3562 eveheret
1024 3503 1062 3560 ad
1070 3500 1169 3580 justi·

77 3659 80 3664 ¹
157 3593 234 3651 tiam
249 3591 463 3653 servandam,

123 3699 131 3704 ’·
243 3674 312 3734 Hoc
335 3675 458 3755 quidem
479 3672 571 3732 nobis
599 3673 731 3732 maxime
751 3653 915 3732 tenendum
935 3673 984 3730 est
1004 3673 1035 3730 et
1057 3647 1167 3730 lllidia·

76 3799 84 3810 ·
157 3782 228 3822 nam
251 3760 437 3838 legentibus,
469 3758 542 3838 quia
563 3759 650 3818 litem
672 3779 707 3818 se
729 3758 774 3816 ita
803 3756 1004 3816 obtenturum
1027 3776 1113 3833 esse,
1131 3759 1168 3814 ut
1193 3763 1203 3778 '

37 3903 42 3912 .
82 3863 88 3870 “
157 3847 259 3920 vellet,
287 3865 414 3926 sperare
441 3843 493 3901 ille
515 3865 576 3928 mon
599 3846 733 3919 poterat,
754 3842 814 3901 nisi
833 3841 975 3921 judicum
996 3842 1106 3902 animis
1128 3859 1165 3897 ex
1261 3905 1264 3908 ¹

156 3931 303 3991 sordibus
333 3931 372 3990 ad
397 3930 576 3988 ‘honestatis
604 3931 768 4010 candorem
788 3926 914 3986 evectis.
954 3922 1063 4005 Neque
1084 3925 1164 3982 enim

123 4069 124 4072 ,
154 4016 319 4077 honestate
337 4014 472 4095 permoti
491 4013 552 4071 illis
582 4012 777 4094 temporibus
801 4011 981 4090 trequentes
1000 4006 1165 4089 injudicio

155 4101 355 4161 continebant
375 4096 594 4174 Athenienses,
621 4099 684 4172 sed
690 4095 821 4177 judiciis
843 4099 875 4155 et
895 4096 999 4174 gravis
1020 4113 1091 4152 esse
1106 4112 1165 4171 po·

151 4190 235 4244 terat
261 4182 422 4266 nobilibus
451 4180 671 4265 opulentisquo
699 4181 868 4252 multitude
897 4178 1101 4253 dominatrix,
1133 4176 1166 4236 et
