2618 4604
364 441 959 534 «Lecturism

127 614 319 712 „inceditis
348 652 493 712 editionis
522 673 540 712 a
567 654 655 732 patre
681 673 751 711 meo
781 653 880 716 laetae
910 651 1137 733 exemplaribus
1181 697 1183 708 ,

127 731 240 806 novam
260 763 319 820 ego
349 744 515 800 curaturus
540 742 706 809 editionem
738 741 770 798 id
798 740 962 799 eonsilium
984 749 1138 822 sequutus

117 819 264 906 '.sum,'ut
285 827 408 886 collatis
430 829 463 886 et
482 825 712 905 posterioribus
728 823 918 888 editionibus
939 831 969 884 et
989 829 1137 907 operibus

128 918 168 975 de
185 915 260 994 jure
287 913 395 971 Attico
415 911 609 990 ¹conscriptis
632 931 668 968 oa
690 910 845 988 adderem,
866 931 945 988 quae
964 917 1019 971 aut
1032 915 1139 990 xcritici

128 1001 340 1070 desiderarent
357 998 412 1055 aut
432 997 561 1055 tirones.
592 993 685 1073 Quod
701 995 813 1066 attinet
836 997 874 1054 ad
894 995 1030 1055 criticam
1045 1019 1137 1077 quam
1219 1073 1222 1077 ι
1255 1061 1256 1064 ,

126 1084 250 1166 navari*
268 1101 405 1162 operam,
434 1095 473 1139 ne
499 1081 598 1164 patris
615 1077 770 1159 judicium
793 1097 830 1138 ex
853 1080 986 1140 editione
1009 1101 1066 1141 sua
1086 1105 1138 1143 ex·

56 1207 60 1218 ,
127 1169 286 1250 pellerem,
308 1166 420 1246 partim
439 1165 479 1223 ¹in
502 1165 604 1244 'rebus
633 1166 760 1244 majoris
784 1167 945 1242 momenti,
964 1167 1003 1225 de
1023 1168 1138 1247 quibus

51 1309 57 1312 .
126 1259 217 1340 pater
239 1253 310 1332 ipse
329 1249 423 1310 verba
444 1245 682 1328 ieeit,'aliornm
697 1249 852 1332 judicium
876 1245 951 1308 mihi
970 1241 1138 1332 probatum

126 1343 183 1402 aut
201 1357 303 1396 meum
328 1331 486 1414 subjunxi,
509 1334 624 1414 partim
643 1333 813 1392 levioribus
833 1335 865 1392 in
886 1335 991 1412 rebus,
1011 1337 1050 1394 de
1070 1341 1138 1418 qui-

124 1423 186 1482 b'us
207 1426 297 1502 pater
319 1431 405 1478 meus
420 1420 511 1478 tacite
524 1420 671 1493 decrevit,
684 1419 776 1478 tacite
797 1423 830 1476 et
842 1439 900 1496 ego
915 1422 1014 1498 patris
1030 1424 1138 1482 lectio-

125 1529 197 1567 nem
219 1505 416 1584 autservavi
437 1511 493 1564 aut
512 1504 637 1564 nonnisi
660 1501 806 1566 omnibus
825 1505 1053 1581 posterioribus
1073 1509 1139 1567 odi-

125 1592 249 1652 toribus
275 1593 383 1664 eontra
408 1594 528 1670 patrem
557 1589 733 1668 conjunctis
762 1587 947 1665 stantibus,
967 1591 998 1648 in
1025 1589 1137 1652 horum
1205 1591 1228 1664 ,’

125 1679 290 1736 lectionem
313 1677 440 1734 mutavi.
483 1672 614 1754 Perraro
634 1675 731 1751 igitur
751 1673 868 1732 factum
890 1677 949 1748 est,
972 1677 1009 1732 ut
1030 1667 1138 1758 dispu-¹
1217 1749 1220 1756 Ι

126 1763 260 1821 tationes
284 1760 386 1840 patris
407 1760 497 1840 plane
520 1759 664 1833 delerem,
687 1757 747 1816 nisi
770 1757 852 1816 sorte
871 1757 921 1832 iis,
947 1778 1025 1839 quae
1039 1783 1067 1820 a
1083 1766 1137 1821 ἠ.

45 1869 50 1878 ·
98 1851 100 1854 '
126 1846 317 1925 cautioribus
353 1846 390 1902 de
411 1844 486 1923 jure
513 1843 622 1902 Attico
652 1841 860 1922 scriptoribus
894 1842 1019 1902 inventa
1052 1851 1158 1924 sunt,

22 1927 24 1930 ¹
97 1933 216 2012 'aplane
236 1923 461 2010 repugnabant.
503 1921 672 1988 Tironibus
694 1933 817 2000 autem,
837 1928 869 1984 in
891 1948 1025 2008 quorum
1044 1931 1137 1992 usum

86 2055 88 2062 ‹
125 2017 289 2076 maximam
308 2019 429 2096 partem
452 2014 534 2072 baee
556 2014 651 2072 editio
668 2013 736 2092 jam
759 2032 777 2070 a
799 2009 970 2091 Spaldingo
992 2015 1138 2078 instituta

127 2106 204 2178 orat,
225 2103 271 2163 ita
289 2099 542 2160 satisfaciendum
563 2095 682 2188 putari,
710 2101 747 2155 ut
768 2097 815 2155 illi
835 2097 928 2155 etiam
948 2100 1023 2158 nudi
1046 2101 1136 2162 libris
1154 2179 1156 2188 Ι

81 2201 82 2204 ’
129 2187 166 2244 de
196 2179 436 2265 antiquitatibus
469 2183 676 2270 conscriptis,
717 2183 820 2258 omnia
848 2181 905 2243 hae
936 2183 968 2254 in
997 2187 1137 2247 oratione

124 2275 295 2332 memorata
328 2270 391 2348 ipsi
425 2268 598 2346 intelligere
626 2271 766 2345 possent.
818 2263 897 2327 Nam
933 2269 980 2332 sie
1016 2275 1137 2332 tantum

124 2376 196 2414 vere
215 2353 365 2432 frugifera
392 2357 442 2413 est
470 2355 659 2432 seriptorum
681 2355 820 2413 veterum
841 2354 873 2410 io
897 2352 1012 2414 scholis
1031 2357 1137 2437 leutio,

125 2441 153 2500 si
174 2441 237 2520 ipsi
256 2441 375 2498 tirones
397 2439 442 2496 ita
464 2459 499 2498 se
527 2440 565 2497 ad
587 2458 653 2496 eam
679 2457 864 2520 praeparare
885 2440 1021 2516 possint,
1043 2447 1079 2504 ut
1099 2445 1138 2502 do
1199 2485 1205 2498 a

123 2525 269 2586 omnibus
294 2522 389 2582 rebus
413 2521 564 2588 rationem
588 2522 737 2600 magistro
758 2523 886 2582 reddere
907 2523 1037 2585 valeant.
1056 2525 1138 2605 *Qua

82 2675 85 2682 ‚
123 2611 245 2674 ratione
265 2609 378 2689 partim
409 2610 533 2690 quidem
555 2608 631 2670 haee
654 2608 748 2667 editio
768 2608 836 2686 jam
857 2603 1033 2686 domosita
1055 2617 1136 2688 erat,
1227 2618 1234 2636 ‘

124 2695 239 2771 partim
275 2715 346 2752 vero
382 2693 475 2754 rebus
513 2695 573 2754 hue
584 2719 591 2757 t
607 2693 835 2772 pertinentibus
857 2630 995 2769 carellam
1029 2717 1137 2774 quam-

127 2775 244 2839 obrem
256 2775 383 2834 indieom
412 2779 511 2858 magis
540 2781 640 2846 etiam
656 2777 911 2856 amplificassem,
943 2799 1035 2856 quam
1064 2781 1135 2856 feei,
1183 2789 1185 2791 ’

58 2901 59 2906 1
114 2859 191 2918 nisi
221 2862 359 2940 ternpore
388 2859 549 2922 fraudatus
578 2863 724 2934 fuissem,
753 2865 963 2939 paternaeque
989 2864 1134 2926 editionis

126 2944 305 3023 proprietas
325 2941 482 3007 lservanda
505 2948 626 3007 suisset.
677 2942 823 3022 Ceterum
850 2946 954 3003 omnia
975 2968 1054 3028 quae
1076 2947 1166 3030 ego*
1253 2961 1257 2975 ”

124 3029 243 3092 inserui
271 3031 303 3087 et
332 3051 369 3088 ex
395 3031 463 3094 aliis
494 3031 675 3098 auctoribus
702 3033 734 3102 et
763 3031 800 3088 de
822 3043 896 3088 meo
913 3035 999 3092 uncis
1024 3032 1067 3119 []
1090 3038 1136 3095 in·
1173 3095 1178 3106 ,

125 3113 214 3188 clusi,
236 3115 273 3173 ut
295 3115 393 3176 oeulis
416 3121 548 3196 pateret,
580 3138 659 3197 quae
682 3109 770 3175 a'me
792 3109 896 3176 addita'
919 3126 1034 3180 essent.
1073 3115 1135 3181 Sed
1162 3193 1167 3202 .

87 3188 91 3196 ’
124 3201 156 3256 et
175 3198 383 3276 additamenta
408 3203 507 3280 patris
536 3223 573 3261 ex
595 3202 732 3282 margine
754 3201 1042 3282 ejusyexemplaris,
1072 3228 1135 3286 quo

47 3327 55 3344 2
123 3282 270 3342 utebatur
291 3285 354 3359 ille,
381 3306 440 3346 suo
460 3283 530 3346 loeo
552 3287 690 3362 innexui,
716 3283 870 3366 peculiari,
888 3289 1059 3364 signosnon
1082 3315 1137 3372 ap·
1174 3331 1179 3346 s

121 3368 217 3448 picto.
261 3366 448 3450 Comparari
472 3375 577 3430 autem
601 3369 757 3438 Sohaeleri
775 3370 970 3451 Apparatum
994 3376 1136 3444 criticum

121 3453 160 3512 ad
189 3452 453 3531 deostlrenem,
482 3455 633 3532 Bekkeri,
667 3454 793 3533 Meieri,
821 3453 999 3534 Dindorfii,.
1018 3459 1136 3522 Blumii
1157 3507 1174 3526 -s
1197 3497 1198 3500 ¹
1268 3473 1271 3484 '

72 3553 73 3556 ’
120 3537 286 3614 editiones,
316 3560 378 3600 non
408 3539 552 3604 lectionis
581 3541 747 3601 varietates
781 3561 889 3604 omnes
914 3542 1077 3625 allaturus,
1103 3547 1136 3607 id

121 3623 206 3702 quod
230 3623 451 3696 cumconsilio
472 3625 573 3706 hujus
587 3626 733 3686 editionis
757 3627 976 3708 discrepasset,
992 3633 1046 3690 sed
1069 3636 1136 3690 tex-

120 3711 201 3780 trini,
219 3729 314 3787 quem
337 3709 454 3784 dieunt,
474 3712 595 3772 tantum
616 3703 846 3787 reoogniturus.
878 3708 929 3769 Ad
941 3721 1135 3792 postremum
1231 3713 1245 3722 ”

120 3792 243 3852 veniam
266 3814 286 3851 a
313 3794 484 3854 lectoribus
512 3801 598 3876 peto
615 3815 729 3876 operae
757 3817 819 3854 nen
848 3817 980 3875 prorsus
1003 3802 1134 3862 consilio
1191 3861 1192 3864 ,

120 3879 391 3954 accommodatae,
413 3873 619 3960 temporibus,
649 3880 783 3960 utdixi,
806 3885 934 3952 vexatus
955 3907 1060 3959 eram„

89 3985 96 4006 r
207 3960 469 4058 ⁸.⁰¹'1P⁸J¹,1l1t25·
495 3967 611 4035 mensis
634 3963 794 4025 Februarii
818 3965 910 4034 1833.

169 4167 173 4184 ¹
192 4093 302 4148 Portae.

525 4189 529 4192 ·
603 4127 834 4244 'domatus
848 4147 1090 4229 nussum.
