2664 4596
325 977 326 980 ‘
406 969 407 972 ‘
473 927 803 1054 uxouasus'³1.“

395 1111 470 1178 De
513 1111 871 1226 Da'otnysr‘pe's.
971 1163 974 1174 ,

67 1335 69 1342 ’
107 1385 109 1394 ,
187 1343 301 1392 uattuor
335 1341 364 1393 in
402 1340 527 1408 antiquis
561 1341 746 1400 monumentis
777 1344 932 1392 memoraie
962 1337 1137 1394 inveniuntur

127 1401 233 1464 Bacchi
253 1408 327 1461 festa
343 1406 458 1462 Athenis
482 1409 632 1473 celebrata,
659 1409 783 1471 Ruralie,
807 1407 925 1470 Urbana,
942 1422 1013 1476 quae
1031 1415 1061 1462 et
1077 1410 1137 1462 Ma·
1164 1416 1166 1424 ’

129 1493 193 1550 gna,
213 1477 335 1542 Lenaea,
360 1475 547 1530 Autbesteria.
586 1477 640 1531 Sed
663 1493 727 1530 cum
748 1477 866 1544 junctim
890 1479 984 1528 omnia
1000 1493 1137 1546 nusquam

128 1547 324 1613 memorentur,
346 1547 432 1599 immo
456 1548 485 1599 in
511 1547 616 1615 aliquot
630 1551 782 1613 'auctorum
807 1545 876 1598 locis
898 1546 1001 1598 diserte
1026 1549 1138 1600 nonnisi

129 1617 199 1680 tria,
216 1613 321 1666 factum
344 1618 388 1668 est
412 1621 447 1668 ut
467 1616 522 1667 viri
542 1613 625 1677 docti,
649 1631 735 1684 usquc
758 1612 792 1666 ad
812 1612 883 1666 haec
900 1613 1051 1666 novissima
1063 1622 1137 1668 'tem-

129 1699 205 1755 pora,
228 1684 284 1735 tria
307 1689 415 1736 tantum
440 1683 544 1736 Bacchi
568 1683 644 1736 festa
664 1689 856 1750 agnoscerent,
875 1683 940 1734 dum
959 1684 1072 1736 Lenaea
1091 1695 1136 1736 ea·
1204 1667 1241 1711 '⁸

106 1754 194 1806 ‘dem
211 1763 274 1803 esse
295 1757 421 1806 statuunt
444 1751 493 1804 alii
512 1765 572 1804 cum
592 1753 743 1804 Ruralibus
760 1749 914 1819 Dionysiis,
932 1751 984 1806 'alii
1003 1753 1066 1804 eum
1084 1755 1138 1806 An·

70 1827 73 1848 ·
130 1819 282 1873 thesteriis.
324 1820 406 1883 Quod
432 1835 563 1888 magnum
591 1821 663 1874 inter
690 1837 749 1874 eos
766 1826 906 1873 certarnen
930 1817 1090 1884 Βοιαααίαα,
1110 1821 1139 1872 in

131 1888 372 1943 Commentatiuue
392 1887 426 1942 de
447 1889 566 1942 Lenaeis
591 1889 634 1953 (iu
657 1887 723 1944 Aoi.
743 1890 767 1942 d.
784 1887 871 1941 Atat.
886 1890 913 1944 d·
937 1888 980 1940 W.
998 1888 1028 1942 in
1043 1887 1139 1942 Berlin'

126 1955 246 2020 ,1817.)‚
278 1955 408 2010 dirimere
437 1959 549 2010 tandem
579 1963 694 2010 conatus
720 1964 764 2012 est
788 1957 845 2022 ita,
878 1963 910 2008 ut
934 1959 1038 2026 primus
1065 1960 1140 2012 inter

131 2025 301 2078 recentiores
335 2023 474 2078 Lenaea
506 2033 638 2095 tanquam
674 2026 814 2097 peculiare
849 2023 951 2078 festum
976 2025 1139 2090 uindicaret,

131 2100 161 2147 et
192 2092 350 2147 Gamelioni
380 2094 469 2156 mensi
499 2095 664 2162 assignaret.
687 2116 696 2156 A
721 2096 782 2158 Quo
817 2101 899 2162 pacto
931 2099 1063 2163 quattuor
1089 2095 1140 2146 illa

27 2173 28 2176 ’
131 2159 208 2216 testi
223 2162 251 2214 iu
277 2169 409 2232 quattuor
434 2178 543 2222 menses
563 2166 710 2233 contiguos
732 2163 846 2226 cadunt:
881 2164 997 2218 Ruralia
1013 2165 1041 2216 iu
1062 2163 1139 2216 Posi·
1182 2167 1186 2174 ‘

132 2231 265 2294 deonem,
293 2232 341 2302 qui
367 2233 470 2286 mensis
502 2232 650 2285 solstitium
679 2232 827 2286 hibernum
854 2233 913 2284 fere
947 2233 1140 2294 antecedebat,
1223 2273 1224 2278 α

44 2355 50 2366 ¹
131 2301 245 2355 Lenaea
269 2301 297 2351 in
323 2299 532 2364 Gamelionem,
561 2300 737 2369 dnthesteria
757 2306 788 2354 in
808 2300 1064 2363 Antbesterionem,
1091 2302 1141 2352 Ur·
1196 2361 1198 2364 ¹

130 2367 206 2423 bana
226 2370 344 2436 denique
371 2370 404 2436 in⁴
428 2368 693 2437 Elaphebolionein,
714 2371 768 2438 ‘qui
792 2369 999 2438 aequinoctium
1024 2384 1141 2420 vernum
1185 2369 1188 2384 '

80 2469 82 2474 ·
131 2438 254 2508 attingit.
281 2434 381 2502 ¹·cujus
400 2439 442 2491 rei
458 2446 623 2508 argumenta
647 2439 756 2492 erudite
773 2439 866 2490 omnia
884 2443 915 2488 et
930 2437 1074 2504 ingeniose
1093 2437 1141 2489 ad·

130 2506 222 2559 hibita
244 2505 289 2557 vel
313 2506 437 2570 inventa,
463 2521 499 2560 ex
524 2510 587 2575 ipsa
609 2507 841 2561 commentatione
868 2506 989 2574 petenda
1005 2511 1070 2558 sunt
1085 2511 1142 2558 stu·

132 2573 231 2628 diosis:
272 2571 323 2626 rios
346 2572 401 2639 hic,
427 2591 462 2628 ne
488 2576 557 2628 solis
581 2576 653 2629 forte
683 2575 860 2644 conjecturis
876 2574 946 2627 haec
972 2573 1072 2642 aliquis
1089 2573 1142 2626 niti
1214 2627 1217 2632 ,
1306 2557 1307 2560 ¹

133 2644 307 2711 suspicetur,
331 2639 493 2696 testimonia
516 2651 623 2698 tantum
648 2661 720 2766 <puae
747 2643 854 2697 diserta
876 2649 1001 2705 exstant,
1032 2643 1141 2710 ayiris
1230 2695 1232 2702 ,

134 2717 228 2763 autem
248 2710 345 2774 doctis,
387 2714 416 2764 ui
435 2713 614 2782 praejudiciis
636 2715 655 2766 il
668 2716 697 2778 is
711 2713 885 2774 tenebantur,
908 2711 1013 2778 rejecta
1031 2715 1142 2763 suntet

136 2779 227 2841 elusa,
255 2780 348 2844 paucis
369 2727 417 2833 fris
438 2795 631 2836 memoramus.
671 2783 797 2846 Quorum
814 2780 1035 2848 antiquissimum
1054 2784 1098 2830 est
1113 2777 1140 2830 in

134 2847 196 2916 ipso
219 2846 329 2898 nomino
351 2851 454 2904 mensis
479 2849 661 2914 Lenaeonis,
681 2866 762 2920 quem
789 2850 870 2901 lones
895 2846 923 2898 in
944 2848 1009 2898 risis
1031 2861 1142 2913 semper
1169 2887 1175 2900 .

134 2916 178 2968 ita
200 2915 409 2982 nuncupabant3
440 2933 519 2986 quem
550 2921 722 2980 indubitatae
749 2918 814 2970 fidei
843 2917 1040 2984 inscriptiones
1068 2918 1143 2968 inter
1182 2955 1191 2972 .

133 2983 317 3038 Posideonem
338 2991 367 3036 et
387 2986 627 3042 Autbssterionem
642 2989 755 3052 locant,
782 2993 865 3054 atque
886 2987 928 3037 ita
948 2986 1066 3038 eundem
1086 2983 1143 3036 Ga·
1257 3044 1259 3048 ‚

133 3049 248 3106 meliosi
275 3051 397 3120 fuciunt,
433 3058 533 3128 quique
562 3073 663 3112 nomen
695 3073 775 3110 suum
805 3055 958 3109 nonnisifa
987 3053 1059 3108 festo
1088 3055 1142 3107 Le·
1165 3048 1172 3066 ‘

133 3123 214 3176 uaeis
240 3118 350 3175 trahere
372 3127 476 3194 potuit,
505 3129 577 3196 quod
604 3143 665 3178 cum
692 3127 807 3196 reliquis
829 3125 917 3177 sacris
947 3125 1006 3176 suis
1036 3130 1142 3190 tempo·
1176 3183 1178 3190 s

133 3195 249 3259 rumque
273 3189 408 3246 festorum
431 3194 540 3248 ratione
564 3197 644 3248 lones
665 3197 784 3248 ¹obsianos
811 3209 829 3245 a
853 3193 1004 3260 metropoli
1029 3190 1143 3244 Athenis

134 3260 291 3329 accepisse,
329 3262 389 3314 siue
419 3262 531 3317 disertis
559 3263 671 3317 indiciis
698 3279 778 3316 nemo
809 3278 911 3332 negare
936 3265 1039 3329 potest.
1067 3258 1143 3312 'Sed
1172 3301 1173 3310 ,
1260 3257 1261 3276 ’
1287 3236 1290 3252 ’

135 3331 209 3386 claro
228 3332 376 3396 praeterea
389 3333 455 3383 'rem
481 3332 648 3412 eloquuntur
671 3332 849 3406 grammatici
868 3329 1030 3411 doctissimi,
1049 3323 1143 3412 e‘pui·

133 3397 324 3482 bus2Proclaps
355 3399 390 3479 ad
419 3400 572 3483 Hesiodum
599 3401 699 3464 asbbd.
725 3402 780 3453 ita:
811 3427 843 3438 -
865 3425 898 3436 -
922 3417 959 3480 pp
983 3389 1146 3478 inpulsum,
1170 3475 1174 3482 ¹

134 3471 191 3520 urob
231 3463 264 3520 iv
282 3485 316 3519 τα
333 3474 439 3532 Aprusa
458 3485 513 3539 παρ
540 3468 701 3535 Ἀθηναίοις.
731 3469 818 3524 Ἴωνες
837 3466 989 3520 diatomos
1009 3464 1064 3515 oud
1098 3464 1145 3524 ol,-

43 3574 47 3584 ,
135 3535 198 3597 tos,
225 3527 294 3588 <itit
316 3534 463 3600 Ληναιῶνα
492 3536 631 3591 καλοῦσιν.
679 3537 786 3590 Eadem
820 3536 902 3589 docet
930 3533 1026 3602 glossa
1047 3531 1148 3586 Lexici'

136 3599 268 3656 rhetorici
287 3602 372 3660 haec:
399 3597 536 3669 Διονύσια,
558 3605 632 3678 ἑορτὴ
645 3597 776 3673 Ἀθήνησι
792 3599 931 3657 Διονύσον.
969 3599 1049 3670 »ipsso
1062 3599 1094 3653 di
1111 3597 1146 3654 sd

135 3667 189 3738 μέν
206 3664 267 3722 κατ’
296 3667 396 3747 ἀγροὺς
439 3673 501 3742 ηνός
517 3674 716 3735 Ποσειδεῶνος,
739 3673 775 3726 ταὶ
796 3671 827 3724 di
845 3666 950 3735 Λήναια
966 3667 1146 3739 Γαμηλιῶνος,

136 3736 171 3790 soi
199 3736 231 3788 dt
254 3739 284 3790 tv
307 3743 365 3802 ἄςει
380 3735 408 3794 ’lt
425 3742 621 3812 αφηβολιῶνος·
662 3756 732 3809 quae
753 3742 851 3810 glossa
869 3737 943 3806 apud
962 3738 1036 3791 alios
1059 3739 1145 3792 etiam
1186 3763 1187 3766 ¹
1256 3749 1259 3756 ⁴

89 3872 91 3875 Ι
136 3805 248 3873 legitur,
271 3808 313 3860 ita
337 3815 431 3864 tamen
458 3818 491 3864 ut
506 3826 559 3879 ,pro
582 3809 756 3882 Ιαμηλιῶνος
774 3812 908 3876 scriptum
926 3806 964 3858 sit
980 3807 1149 3870 Ληναιῶνος·Ἰ

67 3917 70 3930 ,
136 3873 315 3928 Anthesteria
332 3883 425 3930 autem
445 3895 496 3938 cur
517 3895 572 3932 non
595 3879 793 3932 memoraverit
811 3876 892 3944 huius
910 3875 1022 3942 glossae
1038 3880 1146 3936 auctor,

138 3943 198 4010 ejus
223 3945 265 3996 rei
291 3942 361 3997 baec
389 3962 445 4000 una
472 3945 540 4001 mihi
575 3947 716 4001 satisfacit
745 3960 847 4008 cansa,
879 3957 960 4015 quam
988 3941 1147 4010 Boeclrbius

138 4013 225 4065 ctiam
245 4001 470 4080 marsupon,
491 4016 566 4084 quud
590 4015 789 4086 grammaticus
812 4030 866 4068 non
892 4011 968 4066 insta
983 4010 1084 4066 Bacchi
1102 4010 1147 4063 bic
1222 4042 1225 4050 ·

137 4086 282 4136 enumerat
304 4081 354 4134 sed
376 4082 541 4138 vocabulum
567 4080 697 4139 Διονύσια
718 4082 854 4152 explicat:
883 4080 913 4135 id
931 4083 1026 4210 putem
1046 4082 1075 4132 in
1095 4094 1148 4171 usu

809 4231 817 4276 l
