2664 4596
37 341 40 348 Ι
110 242 169 308 lei
353 307 356 320 ,
513 271 715 286 ---··--

111 426 193 468 secus
212 415 256 464 est
274 411 303 462 in
323 407 458 476 exemplis
480 409 659 461 llerodoteis.
692 407 762 461 Nam
786 408 881 462 inille
901 424 927 461 e.
945 424 972 476 g.
989 408 1016 470 5,
1033 401 1078 460 732
1105 413 1133 463 et

110 481 165 552 μὲν
184 479 299 532 διδοῦσι
317 497 343 532 κ.
357 497 381 530 τ.
402 495 424 528 ε.
449 479 541 545 prima
565 477 721 545 propositio
746 493 796 546 per
818 495 851 530 se
869 477 1046 546 sola-posita
1063 496 1130 548 pro·
1167 493 1174 506 ·

112 551 177 604 terri
196 565 250 600 non
268 553 382 615 poterat
398 547 452 600 ita:

263 612 287 668 εἷ
304 615 368 686 μὲν
388 613 503 666 διδοῦσι
520 611 622 684 Δαρείῳ
649 615 700 682 γῆν
718 631 746 664 τε
765 613 812 666 καὶ
826 611 942 686 &dopo
962 613 996 666 δὲ
1014 632 1130 685 συμμα-

257 713 258 716 =
311 684 379 752 χίαν
396 699 448 750 σφι
465 685 554 734 oorerl
604 701 619 732 o
932 684 948 724 s

113 756 191 808 nialla
209 755 283 807 enim
302 752 429 812 omniuo,
453 758 485 802 ut
502 765 533 802 re
601 749 771 812 observabat
791 749 919 812 Werser,·
936 751 966 802 in
994 750 1050 804 hoc
1067 769 1128 805 ser·

114 839 196 878 moue
225 831 270 874 est
295 820 454 888 oppositio,
481 819 531 870 sed
549 819 649 887 potius
667 818 802 869 naturalis
820 819 1033 886 consequentia,
1053 835 1142 891 quae.
1210 862 1214 866 .

116 907 254 960 nunquam
273 905 323 959 per
338 887 392 958 μέν
403 895 433 939 et
445 887 485 949 δὲ,
504 887 555 939 sed
570 903 621 955 per
638 882 678 948 δέ,
695 887 784 939 solum
802 894 879 940 recte
899 886 1021 942 effertur.
1045 891 1129 952 llaec

11 971 13 977 ’
117 968 208 1015 autem
235 957 372 1026 particula
392 955 465 1023 apud
489 953 571 1008 iones
597 953 707 1024 quidem
730 957 759 1006 in
784 971 864 1008 ruera
881 971 990 1023 quoque
1007 958 1128 1025 apodosi

67 1017 73 1050 ¹
116 1031 207 1081 locum
225 1027 325 1078 habet:
343 1025 385 1077 ita
400 1033 432 1076 ut
443 1025 596 1094 propositio
613 1024 726 1090 illa‘per
740 1039 771 1076 se
789 1024 850 1075 sola
869 1025 897 1075 in
918 1025 975 1078 alio
993 1033 1129 1080 contextu

119 1104 194 1149 recte
212 1095 349 1149 enuntiari
367 1094 492 1161 potuerit
510 1092 565 1146 hoc
584 1092 680 1143 modo:

269 1163 294 1214 ei
306 1148 359 1214 οὖν
374 1159 489 1212 διδοῦσι
507 1164 609 1230 Δαρείῳ
629 1159 680 1229 γῆν
705 1177 733 1209 τε
750 1157 796 1209 καὶ
817 1157 909 1230 εἶδαρ,
931 1158 946 1210 ὅ
965 1159 998 1211 δὲ
1013 1177 1128 1231 eppepo-
1179 1179 1183 1185 ·

319 1231 385 1299 γίαν
402 1247 460 1297 ογιἸ
475 1231 635 1282 συνετίθετο.

274 1395 524 1484 persuasus
545 1394 634 1462 mu.
657 1395 710 1508 ρο
731 1391 792 1482 ης.
812 1393 972 1479 nina]
1028 1451 1030 1456 s

188 1560 290 1626 [Quum
306 1560 352 1614 hic
373 1561 530 1630 principalis
550 1560 628 1620 locus
644 1559 691 1619 sit,
710 1572 762 1626 quo
782 1558 816 1610 de
838 1557 951 1612 arbitris
970 1557 1129 1619 doceamur,

122 1631 214 1683 acrius
233 1630 422 1698 inspiciamus,
439 1635 469 1680 ut
491 1644 541 1696 pro
567 1629 641 1680 virili
663 1635 741 1695 parte
761 1625 937 1678 conferamus
960 1626 996 1677 ad
1015 1641 1128 1677 accura·
1259 1675 1277 1695 ,Ἰ

122 1707 178 1752 tam
195 1699 278 1765 hujus
296 1700 441 1750 atticarum
461 1697 654 1764 antiquitatum
673 1695 760 1762 partis
778 1695 971 1762 cognitionem:
1005 1695 1128 1746 innecta-
1216 1709 1219 1714 ’

122 1784 183 1820 mus
207 1774 300 1819 autem
323 1768 351 1818 in
376 1767 592 1834 disputationem
616 1765 700 1817 etiam
723 1779 768 1815 res
785 1762 840 1814 huc
855 1764 1032 1830 pertinentes,
1058 1778 1128 1830 quae

122 1841 200 1888 recte
221 1836 278 1902 jam
301 1835 509 1901 intelliguntur,
532 1839 563 1886 ut
588 1849 645 1886 uno
663 1833 726 1884 loco
745 1832 847 1902 collata
867 1831 1026 1895 habeamus,
1053 1846 1128 1899 quae
1202 1831 1206 1840 ‘

124 1905 291 1966 inserviant,
315 1909 347 1955 ut
369 1903 440 1956 hunc
462 1904 595 1955 orationis
617 1900 765 1954 articulum
787 1902 986 1970 perspiciamus
1009 1897 1129 1970 ejusque
1207 1943 1228 1972 .-

123 1975 178 2024 vim
199 1988 263 2024 vere
290 1972 482 2041 percipiamus.
872 1968 876 1976 ’
1008 1972 1009 1978 ’
1183 2015 1186 2022 .

136 2095 150 2106 .
196 2039 295 2092 Verbis
313 2039 415 2093 autem
431 2041 510 2104 δίκην
535 2039 567 2092 δὲ
589 2033 675 2109 τούτῳ
693 2035 783 2106 λαβών
799 2035 895 2108 ὕςερον
910 2036 956 2104 τῆς
967 2040 1129 2109 κακηγορίας

125 2107 207 2186 sibor,
229 2102 341 2185 ἐρήμην,
369 2102 400 2158 οὖ
423 2108 478 2190 γαρ
497 2104 614 2176 ἀπήντα·
648 2107 738 2174 λαβών
756 2104 787 2157 δ”
808 2102 972 2177 ὑπερήμερον
989 2107 1034 2157 καὶ
1052 2107 1130 2175 ἔχων,

126 2172 237 2252 sodeuris
259 2173 369 2244 ἧψαμην
386 2176 565 2226 nonoretur
589 2170 698 2234 τούτου,
722 2167 791 2227 ἀλλὰ
816 2173 905 2244 λαχών
921 2167 1027 2240 ἐξούλης
1044 2171 1130 2232 πάλιν

27 2297 31 2308 ,
129 2239 238 2310 ordene)
253 2242 299 2306 καὶ
321 2237 589 2313 εὴμερονεῖσελθεῖν
615 2237 770 2313 δεδύνημαι
779 2259 790 2272 ·’
824 2236 950 2296 τοσαύτας
965 2238 1061 2308 τέχνας
1077 2241 1128 2291 ’καὶ

127 2305 235 2376 σκήψεις
248 2307 325 2365 οὗτος
347 2310 477 2382 εὑρίσκων
495 2304 619 2381 ἐκκρούει,
639 2311 682 2362 his
699 2313 794 2380 'igitur
815 2310 903 2362 verbis
921 2309 1002 2377 quasi
1027 2307 1124 2358 adum·
1151 2317 1156 2348 ¹

78 2429 80 2437 s
126 2380 190 2430 brat
220 2379 315 2448 paucis
345 2386 432 2432 totam
456 2380 535 2432 litem
560 2379 769 2443 Demosthenes,
796 2382 836 2431 ita
859 2385 889 2430 ut
910 2375 1040 2428 honnulla
1065 2375 1120 2426 col·

127 2449 212 2518 ligere
235 2449 372 2515 possimus
400 2447 433 2501 de
449 2447 531 2512 s'tatu
559 2465 613 2517 quo
637 2454 814 2502 versarentur
837 2449 946 2514 etipse
971 2449 999 2496 et
1016 2443 1123 2495 'Midias

127 2532 161 2567 eo
178 2522 318 2583 tempore,=
339 2532 403 2585 quo·
415 2516 487 2569 haee
501 2511 604 2574 ,oratio
625 2516 789 2580 habebatur,
814 2515 899 2568 variis
922 2521 950 2566 et
968 2512 1075 2564 auxiliis
1095 2517 1125 2563 et

127 2583 234 2636 artibus
264 2584 403 2638 adhibitis.
452 2585 571 2638 Primum
603 2595 698 2638 autem
724 2601 806 2655 quum
835 2584 864 2636 in
896 2581 1128 2650 praecedentibus

127 2654 280 2704 narraverit
306 2653 420 2726 Orator,
446 2652 545 2720 quibus
567 2654 742 2707 contumeliis
770 2655 831 2721 ipse
852 2651 1015 2721 familiaque
1039 2665 1091 2702 sua
1111 2663 1131 2699 a
1227 2709 1229 2714 ¹

125 2721 214 2774 Midia
231 2719 331 2780 ,affecti
352 2724 417 2784 siut,
447 2721 491 2774 his
518 2723 775 2775 verbis'dicentem
806 2721 942 2784 audimus,
969 2720 1005 2774 ob
1033 2732 1145 2770 omnes

126 2789 178 2841 has
199 2791 381 2842 contumelias
404 2805 517 2842 causam
537 2809 588 2842 κακ
622 2795 696 2863 optas
720 2806 751 2843 se
778 2790 892 2846 fecisse.
933 2788 1018 2842 Vetat
1032 2786 1141 2840 verbo.

92 2915 96 2930 Ι
126 2873 186 2910 rum
215 2859 304 2921 ratio,
329 2859 458 2925 ,quamvis
486 2809 681 2917 Demushhenis
709 2860 854 2928 lenitatem
872 2859 1019 2918 miremur,
1044 2861 1076 2906 ut
1096 2855 1132 2906 de

127 2925 251 2992 pluribus
280 2927 370 2978 causis
397 2927 560 2994 cogitemus.
602 2928 697 2995 Neque
720 2943 804 2990 vero,
823 2927 913 2996 pergit
937 2927 1047 2985 Orator,
1078 2923 1131 2984 lili·¹

103 3051 104 3056 ,
126 2994 186 3046 dias
212 2994 258 3047 die
292 2996 366 3046 dicta
398 2995 491 3057 affuit,
529 3005 617 3065 neque
644 2998 673 3052 in
701 2997 903 3048 contumaciam
933 2995 1133 3046 condemnatus

127 3061 193 3111 data
218 3060 262 3114 die
283 3061 511 3127 500'drachmas,
537 3080 592 3133 qua
611 3066 715 3116 mulcta
736 3065 832 3131 isqui
856 3062 946 3116 dicam
972 3060 1134 3129 κακηγορίας

126 3129 270 3197 perdebat,
296 3131 483 3184 mulctabatur
507 3132 616 3194 (Meier.
635 3139 666 3185 et
680 3132 807 3185 Schoem.
831 3128 864 3183 de
883 3131 939 3183 lite
951 3133 1004 3184 litt.
1025 3145 1051 3196 p.
1070 3125 1132 3179 tei.

30 3219 41 3234 .-
125 3198 214 3272 sqq),
237 3198 419 3254 Demostheni
434 3201 540 3263 solvit,
563 3217 622 3276 'qua
651 3216 681 3254 re
705 3196 861 3270 ὑπερημέρῳ
885 3199 978 3262 iacto,
1006 3196 1132 3266 quamvis

97 3273 229 3334 ,posset
252 3266 321 3320 nihil
343 3274 436 3320 tamen
463 3269 625 3337 pigneratus
648 3275 699 3322 est'
716 3269 934 3332 Demosthenes,
962 3265 1011 3320 sed
1028 3261 1135 3328 ἐξούλης

125 3351 187 3387 eum
206 3336 356 3388 accusavit
399 3337 488 3399 Quam
509 3333 593 3392 ,litem
623 3338 648 3388 si
676 3338 813 3406 perdebat
842 3337 960 3396 Midias,
990 3349 1045 3387 non
1073 3348 1132 3384 am-

124 3404 195 3472 plius
221 3403 271 3456 500
290 3403 435 3458 drachmas
461 3404 596 3470 debebat,
622 3404 672 3457 sed
701 3405 782 3472 1000,
805 3420 922 3473 quarum
949 3402 1001 3454 500
1020 3403 1132 3454 aerario

124 3471 234 3538 publico
261 3472 411 3528 solvendae
436 3479 523 3526 erant.
566 3473 753 3540 Quamobrem
780 3475 871 3536 infra,
894 3471 908 3535 ἢ
930 3471 1004 3533 δίκη,
1029 3471 1135 3537 inquit,

121 3541 219 3620 patior
242 3526 274 3605 ἦν
301 3541 441 3663 δραγριῶν.
484 3544 547 3599 Hoc
571 3544 655 3595 modo
683 3542 848 3611 simpliciter
875 3546 959 3606 atque
983 3544 1015 3590 ut
1029 3540 1135 3606 opinor

41 3629 43 3636 s
125 3622 205 3666 unica
226 3624 292 3663 vere
317 3611 488 3678 expicamus
518 3610 571 3666 hoe
592 3613 711 3674 dictum,
744 3611 778 3664 de
805 3626 858 3679 quo
887 3607 981 3668 multis
1005 3607 1134 3674 disputa·

46 3677 48 3691 ¹
124 3675 222 3726 veruht
244 3675 305 3732 Viri
324 3678 407 3733 docti.
447 3677 552 3731 Volunt
572 3681 653 3745 enim,
678 3681 712 3732 de
737 3680 849 3746 duplice
869 3691 954 3732 causa
973 3674 1136 3744 κακηγορίας

77 3751 79 3762 ’
124 3749 156 3794 ut
183 3741 229 3796 hic
262 3747 417 3816 cogitetur,
449 3749 574 3815 quamvis
603 3747 766 3813 viderimus,
804 3745 938 3800 orationis
971 3749 1135 3796 contextum

126 3815 222 3862 contra
248 3810 319 3866 hanc
346 3815 534 3884 suspicionem
563 3832 633 3869 esse.
680 3819 865 3871 confirmatur
892 3826 959 3866 vero
991 3811 1157 3866 sententie*

123 3885 219 3960 nostra
244 3882 337 3934 verbis
371 3887 443 3954 quae
473 3884 564 3936 locum
600 3887 681 3938 modo
717 3881 886 3952 exscriptum
915 3881 1074 3950 excipiunt,
1103 3879 1150 3931 iu'
1188 3885 1190 3894 “

123 3948 222 4016 qulbus
247 3963 355 4002 annexa
378 3961 441 4005 sunt
461 3953 558 4006 verbis
585 3949 663 4004 Πάνυ
687 3967 734 4020 γε·
765 3945 835 4018 ἀλλὰ
854 3947 950 4004 δάκνει
972 3949 1018 4000 καὶ
1043 3947 1137 4009 ταῦτα·

123 4015 189 4080 φαίη
205 4035 245 4077 τις
255 4025 256 4030 ’
266 4016 307 4078 ἂν,
326 4017 398 4070 ὅταν
410 4021 523 4074 ἐκτίνειν
547 4015 651 4076 ἀδίκως
666 4021 714 4088 de'p
733 4018 816 4072 haee:
843 4021 939 4088 οονέβη
959 4017 992 4070 δὲ
1008 4015 1072 4088 εἷπε
1083 4035 1137 4088 ρη-

122 4079 214 4172 pipp
231 4085 368 4155 γενομένῳ
386 4090 481 4141 λαθεῖν
498 4081 571 4158 αὐτῷ
588 4105 622 4141 eo
641 4089 732 4152 modo,
743 4095 773 4140 ut
789 4094 938 4158 appareat,
950 4086 1042 4139 verbis
1061 4077 1143 4138 ἄλλα

120 4154 219 4220 patiar
245 4160 298 4212 etc.
317 4169 371 4208 uon
395 4158 498 4225 respici
524 4159 560 4211 ad
582 4159 610 4210 id
640 4162 764 4228 tempus,
788 4174 842 4228 quo
871 4157 1134 4236 primum'cause'm
