2664 4596
373 181 686 282 ’.ω-
875 243 1125 309 -139

42 423 45 428 ·
109 399 191 483 posia
211 409 307 464 statim
328 422 481 478 cognoscas
502 404 641 478 quomodo
660 407 739 460 lacta
767 407 806 461 sit
824 421 886 463 nes.
924 408 1060 466 Nimirum
1080 395 1125 466 br·

109 489 143 558 ta
158 483 233 534 inter
253 477 499 538 adolescentulum,
525 476 573 544 qui
596 481 691 529 tamen
708 491 759 545 per
783 476 875 530 luctae
896 481 1124 536 exercitationem

109 550 193 620 agilis
216 553 293 601 esset
312 553 342 600 et
365 546 457 609 fortis,
479 559 681 612 nervosumque
706 545 784 604 illum
812 545 934 624 pugilem
959 549 1030 614 rixa,
1059 567 1124 603 con·

48 624 75 664 r·
109 625 271 674 sentaneum
289 622 341 680 est,
367 614 437 667 buon
456 629 512 665 non
532 618 641 666 tantum
663 615 834 680 percussisse
852 614 941 678 illum,
966 619 1122 672 sedetiam

48 713 49 716 ¹
109 702 160 757 per
179 679 366 754 contemptum
388 681 501 734 aetatis·
516 687 545 732 et
564 687 687 735 staturae
712 682 834 752 aliquam
858 687 1054 740 contumeliam
1075 688 1122 740 ad·

109 757 223 818 didisse,
244 762 321 806 certe
339 751 443 806 addere
462 750 553 802 risum
571 763 648 814 esse3
675 765 758 819 quarn
784 751 820 803 ab
840 751 952 806 bomine
972 754 1123 808 robustiori

109 826 164 879 sibi
185 825 293 875 illatam
317 835 350 873 eo
370 820 467 872 altiori
493 817 589 871 dolore
610 821 734 872 sentiens
755 819 813 884 ille,
833 820 1017 891 quodcunque
1036 825 1122 877 telum

109 891 284 946 hauddubie
303 889 339 941 ad
362 888 436 941 bunc
451 885 641 939 ulciscendum
657 889 789 955 arripuit.
807 885 836 970 ⁴)
1157 908 1160 915 ·
1192 949 1193 952 ,

177 961 221 1012 lta
246 963 357 1012 restant
383 957 445 1009 sola
468 956 556 1008 verba
576 953 619 1008 ὅτι
638 953 653 1007 i
671 950 781 1009 τῦπτων
801 956 887 1008 cordo
903 954 1021 1029 ὔβρίζειν
1042 957 1122 1028 pisso}
1181 1023 1189 1036 N

109 1044 224 1102 quorum
243 1029 304 1096 jam
323 1025 389 1079 olim
415 1023 567 1093 Spaldingo
588 1037 782 1092 persuaseram
802 1026 1015 1092 explicationem
1041 1027 1122 1093 band,

110 1106 144 1152 nt
157 1097 221 1170 ᾤετο
238 1098 315 1150 idem
333 1097 371 1147 sit
388 1094 461 1164 quod
481 1091 669 1148 alibidicitur
684 1090 750 1162 ᾤετο
770 1092 837 1157 δεῖν,
857 1098 887 1147 ut
902 1095 933 1146 in
943 1096 1141 1214 {wbrisia-¹
1263 1159 1264 1166 χ

111 1170 152 1222 cis
171 1167 196 1232 fi.
213 1163 258 1219 39.
280 1163 373 1228 ἐπειδὴ
395 1189 430 1200 -
458 1160 565 1236 ὔβριςῆς
581 1159 649 1232 ’ᾤετο
668 1160 728 1214 δεῖν
743 1153 813 1216 εἶναι
836 1167 864 1216 et
881 1160 910 1229 §-
929 1163 946 1214 2
966 1200 972 1212 .
992 1182 1023 1216 ου
1037 1183 1126 1234 μονον
1223 1203 1224 1208 ,

105 1232 146 1292 sic
163 1231 210 1307 ἐμὲ
227 1232 273 1287 καὶ
291 1230 450 1304 τοῦςηέμοῦς
464 1229 529 1302 ᾤετο
546 1227 604 1283 δεῖν
621 1229 746 1298 ὔβρίζειν.
769 1231 874 1294 Quam
893 1237 1030 1285 rationem
1047 1238 1124 1316 post:

109 1313 145 1362 aa
171 1309 227 1355 non
255 1303 357 1354 leviter
387 1301 577 1352 confirmatam
608 1299 718 1367 repperi
750 1299 945 1354 observatione
968 1299 1125 1356 Heindorfir

40 1357 58 1390 ¹·
109 1372 145 1427 ad
171 1372 308 1425 Platonis*
318 1370 501 1439 Protagoram
524 1367 567 1420 88.
591 1383 647 1437 qua
670 1367 749 1420 locos
773 1368 879 1489 alipuot
902 1368 986 1423 affert
1012 1371 1124 1439 (quibus

109 1427 252 1495 addendus
272 1439 360 1492 Aloib.
382 1439 403 1489 Ι.
421 1435 465 1492 ib.
483 1436 529 1489 ubi
546 1436 603 1489 vid.
626 1441 684 1490 not.
712 1443 794 1504 atque
833 1443 941 1491 ortasse
968 1439 1054 1492 honr.
1073 1441 1124 1493 Pa·

109 1525 174 1579 neg.
193 1509 236 1562 39.
253 1509 302 1560 ubi
321 1524 348 1560 v.
369 1504 456 1572 Mor.)
483 1507 512 1557 io
537 1505 636 1573 quibus
662 1506 749 1558 verba
767 1505 900 1591 ἥγεῒοθοοζ
920 1507 1034 1590 ciectus,
1051 1509 1125 1591 loyt-

109 1583 214 1632 σασθαι
227 1583 255 1630 et
276 1575 382 1630 similia
402 1574 551 1628 subaudita
568 1573 635 1637 δεῖν,
652 1575 713 1627 sire
734 1573 815 1642 plane
836 1580 867 1628 ut
884 1579 983 1638 αξυουν,
1002 1593 1064 1630 cum
1083 1595 1124 1631 rn-

108 1649 216 1701 finitiro
241 1651 418 1714 usurpantur.
458 1643 566 1699 Morari
590 1647 685 1696 tamen
703 1643 828 1712 aliquem
845 1643 1018 1728 possitmho'c,
1051 1645 1125 1727 quod

109 1715 287 1786 participium
307 1729 370 1767 oum
391 1713 517 1780 articulo,
542 1707 689 1775 ὑπόπτων,
713 1713 880 1766 mentionem
900 1732 948 1767 rou
970 1731 1080 1768 τυπτευν
1094 1731 1125 1766 un

72 1789 75 1800 '
109 1784 339 1854 praecedentibus
378 1783 520 1851 requirere
554 1781 676 1834 videtur:
737 1797 820 1850 οοοιη
859 1782 1054 1866 difficultatem
1084 1784 1127 1835 ita

108 1854 213 1915 solvas,
233 1859 264 1904 ut
282 1853 344 1920 ipso
363 1849 417 1904 boo
436 1845 577 1903 ὔτῦπτων
592 1850 694 1918 posito,
717 1865 777 1902 rem
797 1865 849 1919 per
868 1868 900 1904 ss
918 1854 1020 1904 claram
1039 1867 1125 1904 nmmo

91 1923 161 1991 'per
179 1920 280 1990 vulgus
299 1926 403 1983 notam,
425 1924 542 1987 tangere
562 1921 631 1972 satis
652 1917 784 1972 habuerit
800 1926 905 1973 orator.
940 1921 1002 1973 Nan
1024 1936 1125 1990 negem

110 1999 219 2052 tamen,
251 1990 388 2042 facilitate
413 1989 564 2050 sermonis,
591 2003 751 2057 quanquam
780 2004 835 2040 non
859 1988 1125 2065 itemlsmendatio·

110 2060 168 2124 nis,
194 2057 381 2111 commendari
410 2057 597 2126 conjecturam
624 2056 723 2110 Veteri
739 2057 772 2135 in
793 2058 1000 2112 Dissertatione
1026 2074 1126 2128 propo·
1191 2101 1192 2106 1

110 2129 202 2180 nentis
227 2125 271 2180 b'rs
294 2121 428 2180 τύπτοντα
448 2117 531 2178 odsiv
559 2126 610 2191 (sc.
631 2126 680 2179 τᾶν
697 2125 840 2196 Zonaion)
857 2143 881 2180 o.
905 2145 935 2181 ω.
974 2127 1050 2197 [Ego
1070 2146 1125 2183 non

111 2196 216 2258 dubito,
262 2196 308 2248 uin
329 2187 412 2248 οὔτῦν
434 2198 472 2248 sit
490 2195 665 2249 accusativus
684 2196 813 2264 subjecti,
840 2197 908 2265 quia
933 2197 1022 2252 altero
1041 2199 1125 2252 modo

108 2267 213 2319 Orator
238 2211 356 2319 inisset
381 2259 419 2321 εἰς
441 2256 541 2329 οὔτόνςι
568 2262 582 2316 ὃ
604 2259 713 2318 τύπτων
737 2273 830 2322 autem
854 2265 890 2319 ab
914 2281 958 2330 eo,
1006 2268 1036 2319 ui
1056 2269 1126 2321 indi·

109 2349 174 2388 care
197 2334 295 2398 voluit,
328 2326 414 2388 οὔτᾶν
439 2347 501 2386 esse
530 2333 685 2402 subjectum
713 2336 849 2392 insertum
875 2340 928 2388 est.
1003 2335 1126 2406 uthyuus

108 2405 226 2474 putavit,
255 2405 285 2456 in
315 2419 346 2457 se
371 2402 499 2458 insultari
522 2417 541 2454 a
572 2402 689 2473 sophilo
716 2407 745 2457 et
770 2402 900 2460 barcob
927 2419 1039 2465 causam
1061 2422 1125 2462 eum

129 2472 222 2526 ccidit.
907 2489 910 2494 '
935 2497 940 2512 ⁸

109 2489 127 2596 οἶ
192 2469 294 2594 ligatas
323 2543 356 2591 ut
385 2537 419 2600 de
447 2538 706 2606 οοιοίιιοΕὔθυνυς
725 2545 857 2601 dicamus.
899 2546 929 2602 ln
956 2563 1013 2618 quo
1039 2553 1124 2608 auda·
1211 2594 1212 2598 ,

109 2607 182 2662 eiam
208 2606 316 2660 Reiskii
338 2606 416 2661 velut
440 2611 533 2663 minus
555 2617 689 2678 graecum
717 2614 785 2667 illud
810 2617 839 2668 in
862 2616 995 2690 Εὔθυμον
1018 2627 1125 2675 mutan-

13 2707 14 2712 κ
110 2675 147 2727 tis
177 2683 255 2728 recte
285 2675 395 2728 notavit
420 2676 597 2748 Spaldiogus.
638 2682 738 2751 Neque
767 2690 861 2740 tamen
890 2687 927 2740 ab
955 2690 1129 2756 appellative

109 2740 223 2805 εὔθυνος
247 2743 442 2798 arcessendum
469 2747 553 2801 illud:
581 2748 701 2804 sedunt
720 2769 756 2806 ex
774 2769 888 2806 numero
907 2758 1145 2828 compositorumx
1176 2761 1180 2764 ’

91 2827 128 2864 e
155 2813 267 2864 nomine
291 2811 360 2884 roris
381 2829 498 2882 quorum
526 2817 665 2884 ultimam·
678 2820 708 2872 in
736 2837 785 2873 usu
815 2823 978 2891 quotidiano
1010 2829 1125 2897 corripi-

111 2886 199 2943 entes,
222 2879 419 2946 paenultimam
444 2887 504 2952 ejns
527 2887 591 2939 loco
616 2889 815 2954 producebant.
854 2893 1020 2947 conferatur
1037 2898 1137 2950 lsoor..

109 2949 157 3000 0r.
178 2951 245 3020 πρὸς
262 2941 408 3002 Εὔθῦνουν
430 2967 491 3005 oum
510 2955 592 3008 Arist.
609 2956 698 3017 libet,
713 2957 738 3022 2,
759 2958 800 3013 19.
827 2961 875 3013 ubi
891 2962 930 3014 tle
950 2964 1049 3018 eodem
1075 2965 1124 3020 bo=

74 3016 184 3082 ·bnine
211 3025 255 3069 est
280 3013 422 3083 Εὔθυνον;
450 3028 479 3074 et
501 3022 555 3075 vid.
581 3027 685 3078 cora'e's
705 3025 740 3078 ad
764 3028 840 3081 illam
865 3030 996 3087 isocratis
1020 3038 1123 3090 oratio.-
1226 3081 1230 3088 .

52 3091 55 3098 '
104 3089 185 3152 “nem3
215 3086 285 3138 item
316 3087 413 3150 lambi.
440 3089 473 3143 de
499 3091 556 3147 Vit.
582 3091 702 3163 Pythag.
728 3112 789 3165 cap.
820 3097 871 3168 ult,
908 3101 956 3153 ubi
983 3095 1124 3161 Εὔθῦνυος

33 3199 36 3212 ,
109 3161 279 3210 memoratur
298 3155 468 3220 Tarentinus
488 3168 517 3214 et
536 3161 617 3225 alius,
637 3165 769 3228 Εὔθυνος,
791 3167 994 3222 aomos-nod.
1013 3173 1122 3226 Ruhnk.

108 3223 137 3274 in
158 3225 232 3278 Hist·
257 3224 348 3276 Oratt.
375 3228 498 3280 retabi
523 3230 558 3283 de
579 3230 707 3288 Archino.
746 3234 789 3287 Ex
815 3238 945 3306 analogia
964 3245 1123 3294 autemno-
1187 3289 1194 3295 .

107 3291 211 3346 minum
239 3292 363 3360 ejusdem
385 3297 505 3364 originis
533 3315 582 3366 per
606 3320 623 3362 ι,
643 3309 676 3354 ut
690 3295 825 3374 Ἀρχῖνος,
845 3309 983 3376 Κρατῖνος,
1002 3310 1122 3372 scriben-
1162 3311 1163 3314 ’

109 3358 172 3411 dum
202 3363 287 3415 etiarn
316 3369 393 3416 esset
418 3357 556 3429 Εὔθῦνος,
584 3369 662 3437 eujus
681 3375 775 3424 tamen
800 3377 955 3444 scripturae
974 3379 1122 3450 ‘vestigium

108 3443 169 3480 enm
197 3430 224 3481 io
246 3429 323 3482 nullo
349 3432 458 3484 illorum
483 3434 606 3489 locorum
631 3439 799 3504 invenerim,
828 3445 971 3512 vulgatam
998 3443 1122 3514 Εὔθυνος

106 3496 223 3560 retinui,
258 3501 386 3567 quamvis
415 3499 486 3554 baec
518 3505 553 3556 ad
583 3506 711 3576 alteram·
731 3507 962 3576 derivationem,
984 3530 1041 3583 qua
1064 3531 1120 3568 me·

27 3579 39 3598 ν
91 3562 155 3622 ,dia
172 3566 291 3632 'syllaba
318 3586 371 3623 non
403 3571 495 3623 minus
521 3573 607 3643 longa
633 3575 719 3640 foret,
755 3579 856 3632 ducere
881 3579 1017 3634 rideatur.
1072 3587 1121 3640 ce·

106 3637 197 3684 terum
222 3637 306 3689 etiam
333 3637 463 3710 Εὔθυμος
485 3655 582 3696 rerum
603 3660 703 3696 nomen
727 3645 794 3712 iuit3
846 3651 893 3702 uin
919 3649 1022 3720 pugilis
1048 3655 1120 3709 cele·
1150 3695 1153 3702 .

107 3698 167 3751 bris
186 3700 411 3780 Olympionicas,
439 3709 490 3763 sed
515 3712 603 3763 multo
631 3715 798 3782 antiquioris
826 3665 859 3770 ie
885 3733 941 3785 quo
970 3721 1024 3778 rid.
1044 3724 1119 3793 Tay-

107 3768 198 3822 lorum
223 3772 258 3823 ad
287 3772 312 3824 b.
334 3777 365 3831 l.:
390 3780 468 3831 ,unde
494 3779 530 3831 ad
554 3779 735 3834 Reiskianam
753 3785 892 3848 rationem
911 3791 1119 3844 sustentandam

65 3847 66 3850 ’
106 3837 245 3908 suspicari
267 3845 366 3908 possis,
394 3862 496 3902 nomen
521 3847 591 3902 illud
610 3852 732 3906 seriores
752 3854 837 3908 etiam
861 3854 1009 3916 athleticos
1033 3860 1120 3914 homi·
1159 3859 1162 3868 '

169 4041 198 4106 .·)
216 4049 301 4093 mecum
324 4049 376 4095 iacit
392 4053 513 4102 Boeokbius
532 4073 617 4120 quoqne
638 4063 660 4106 in
679 4029 802 4111 Commeat.
814 4066 841 4111 de
855 4031 958 4117 [chronol.
977 4069 1018 4125 (k.
1029 4072 1082 4118 blid.
1100 4089 1122 4132 p.
1223 4089 1225 4094 ·

108 4117 148 4162 76.
168 4118 210 4162 nisi
231 4117 288 4177 quod
308 4133 387 4164 vocem
403 4113 450 4169 καὶ
467 4128 549 4172 servari
573 4130 631 4185 lubet
652 4138 675 4176 ut
697 4144 754 4191 quae
771 4136 842 4182 valeat
861 4130 952 4198 etiam,
977 4135 1033 4186 vel:
1065 4143 1127 4200 nond

107 4185 161 4248 mibi
180 4195 253 4231 tamen
276 4187 339 4232 valde
359 4188 466 4249 displirei.
822 4199 825 4212 ¹
1016 4229 1017 4232 ,
1139 4213 1141 4216 ·
