2664 4596
514 269 716 304 -r-v*
999 312 1002 321 ,
1061 237 1123 310 137
1204 285 1206 294 ,

110 415 181 470 locis
201 417 319 534 aphoret
338 389 506 480 participem
528 421 590 463 eam
614 407 700 489 iniisse
723 421 778 460 non
799 407 896 478 templi
915 391 1005 464 solum
1022 411 1072 466 sed
1091 419 1121 467 et

111 483 223 538 oraculi·
265 481 390 534 odonuci¹
429 479 519 546 liujus
537 479 579 530 itu
597 492 632 530 ue
654 477 734 530 drvac
754 491 855 530 nomeu
873 481 1047 547 interpretes
1063 482 1122 551 qui-

112 554 176 606 dam
198 549 379 604 reddiderunt
395 548 541 601 Junonem.
580 493 702 626 gennis,
718 553 825 611 contra,
853 547 889 598 ad
911 548 989 618 virg.
1008 552 1073 602 Aen.
1095 551 1121 615 3,
1207 555 1211 558 “

46 627 47 632 ’
110 620 171 674 lta.
213 615 342 672 Venerem
370 616 448 670 lovis
487 613 635 668 Dodonaei
669 631 788 667 corruere
815 615 886 668 θεὰν
908 616 996 670 fuisse
1027 619 1122 674 tradit.
1149 667 1152 684 ,

111 691 185 744 ilinc
201 689 260 741 lec.
280 686 438 740 Gronovius
464 681 513 752 (ad
538 681 674 750 Stephani
690 682 841 748 Dodones)
869 683 1005 739 Venerem
1024 685 1123 740 Libiti-

111 774 176 812 nam
193 773 250 809 non
271 757 358 821 bene,
382 754 475 816 credo,
498 765 662 820 comparans
682 749 874 821 Rreserpinam
892 755 1031 809 vulterre
1056 757 1123 810 Dio·

18 842 20 852 ’
111 831 175 881 nen.
217 825 345 893 Denique
371 823 397 875 si
424 819 605 890 mythologos
632 821 777 890 ipsumque
806 821 959 876 Homerum
984 825 1122 890 consulas,
1190 869 1191 874 ,

22 1753 23 1756 =
114 1715 161 1782 roi,
186 1722 215 1770 et
240 1718 282 1769 sic
306 1731 363 1768 non
384 1714 481 1767 dubito
504 1711 570 1781 quin
588 1711 700 1780 Pelasgi
720 1709 775 1763 anti

61 936 63 950 .
110 895 234 950 inveniet
250 894 362 945 Dionae
382 891 509 942 diversum
537 889 573 956 ab
598 887 655 940 illis
673 889 800 942 omuibus
818 890 888 943 deae
906 907 1008 945 nomeu
1023 893 1122 958 fuisse,
1145 895 1167 963 l,

44 977 45 984 ¹
112 979 184 1034 quae
200 964 276 1015 inter
298 957 439 1013 Titanida
458 955 664 1022 recensebatur,
692 955 882 1026 Veneremque
898 975 934 1012 cx
952 961 1023 1014 Jove
1042 955 1122 1033 pepe·
1205 963 1209 970 ”

113 1035 185 1086 risse
199 1029 409 1099 perhibebatur.
448 1025 510 1095 Ego
528 1025 599 1078 hacc
618 1024 720 1090 omnia,
737 1032 853 1094 praeter
868 1025 1003 1082 Gronovii
1016 1031 1122 1098 opinio·

115 1117 188 1164 nem,
205 1115 272 1154 vera
314 1097 498 1150 uadamteuus
522 1094 764 1158 assumendam,
783 1096 953 1150 etinterse
973 1099 1124 1154 conciliare
1182 1143 1183 1146 ,
1251 1149 1254 1158 χ

114 1169 244 1224 studebo.
278 1164 290 1184 ⁸
309 1179 363 1228 ςαιι
380 1164 412 1217 dt
436 1162 498 1236 περὶ
524 1154 615 1216 αὐτῶν
642 1155 743 1234 βραχὺς
768 1162 783 1216 d
805 1159 895 1236 λόγος,
912 1231 914 1235 r
929 1161 991 1232 usin,
1015 1165 1125 1222 ἄνωθεν

113 1237 248 1314 ἄρχεσθαι
268 1233 354 1298 dorni,
369 1239 402 1287 ut
423 1248 485 1285 curn
501 1236 597 1284 nostro
613 1231 721 1300 loquar.
1056 1255 1075 1264 w
1146 1247 1147 1252 ¹

79 1321 80 1324 ’
183 1307 245 1358 Etsi
266 1303 421 1372 peculiares
446 1301 594 1368 unicuique
614 1300 691 1369 genti
717 1298 821 1352 luerint
844 1298 964 1366 fabulae,
982 1302 1012 1358 in
1030 1318 1064 1356 eo
1082 1308 1124 1357 ta.
1146 1357 1155 1374 l
1201 1335 1203 1342 ,

113 1391 178 1430 men
209 1388 306 1427 omnes
335 1372 394 1425 iere
421 1369 597 1432 consensisse
631 1367 775 1432 videntur,
809 1371 865 1434 nt„¹
880 1370 906 1421 si
931 1369 1023 1444 plures
1057 1371 1123 1426 deos

114 1447 308 1512 agnoscerent,
325 1455 463 1494 summum
480 1435 618 1507 quendam
637 1437 718 1490 deuio
736 1441 891 1490 ceterorum
910 1454 1005 1506 regem
1018 1447 1123 1494 statue·
1222 1462 1224 1466 ·

114 1519 178 1566 rent
204 1512 230 1566 ei
249 1526 284 1563 ue
315 1523 427 1563 uxorem
453 1509 638 1575 assignarent.
690 1506 741 1559 cui
769 1504 837 1558 deae
861 1508 917 1560 nisi
936 1507 1045 1570 aliunde
1074 1525 1123 1562 no·
1219 1535 1225 1562 r
1287 1551 1309 1588 ·,

114 1596 178 1635 men
205 1581 240 1634 ad
261 1577 395 1641 aesiss‘et,
419 1591 453 1629 ex
477 1577 539 1644 ipso
563 1574 658 1627 mariti
683 1575 796 1627 nomine
817 1573 886 1626 illud
911 1575 1048 1630 deflexum
1069 1584 1121 1631 est.

35 1663 39 1677 ·
114 1652 210 1719 ltaque
228 1661 264 1702 ex
284 1647 353 1700 Jove
367 1645 529 1700 formabant
547 1643 710 1709 Iunonem·
728 1639 786 1706 Ζήν
801 1640 936 1698 deflexum
956 1651 1001 1698 est
1018 1647 1046 1698 in
1067 1655 1125 1700 Ζα-

797 1711 834 1774 ui,
861 1712 995 1782 aquibus
1013 1714 1123 1768 oriundi
1165 1717 1166 1720 ’

114 1787 249 1856 Epirotae
268 1790 298 1836 et
316 1784 473 1854 Dodonaei,
497 1789 610 1834 uxorem
634 1781 685 1833 rod
700 1772 762 1861 dede
779 1727 902 1861 {inerint
917 1777 1028 1846 Διώνην,
1050 1799 1123 1852 quae
1146 1808 1147 1812 ¹

115 1856 230 1908 nomina
257 1853 352 1906 omnia
377 1851 445 1905 nihil
468 1849 601 1903 diilerunt
623 1864 641 1901 a
665 1851 731 1902 Osos
752 1851 909 1901 efflantes.
944 1851 1019 1904 Uxor
1037 1852 1125 1918 igitur

114 1925 204 1985 lovis,
226 1935 296 1990 quae
321 1922 385 1974 aliis
409 1919 540 1990 gentibus
565 1918 657 1978 Juno,
682 1915 806 1984 Epirotis
826 1916 882 1970 init
905 1918 1013 1988 Dione,
1037 1924 1124 1975 etsie

116 1992 214 2046 melius
226 1989 405 2057 'explicantur
431 1988 535 2041 nummi
554 1987 743 2053 Epirotarum,
768 1984 816 2053 qui
834 2001 939 2050 omues,
957 2003 1014 2042 non
1032 1990 1126 2044 Dodo·
1166 2027 1176 2044 2

114 2076 249 2122 nacorum
267 2059 367 2121 solum,
392 2058 413 2110 J
419 2055 492 2108 ocis
515 2064 548 2108 et
562 2053 698 2107 Diones
716 2053 835 2123 effigiem
849 2055 969 2123 junctim
991 2057 1125 2113 exhibent

116 2133 157 2196 (v.
175 2129 306 2181 ¹Gronov.
332 2125 351 2178 l.
371 2125 424 2190 u),
447 2140 529 2194 quam
556 2125 580 2176 ei
604 2122 773 2175 inferiorem
794 2121 914 2190 aliquam
939 2125 1030 2194 deam,
1071 2144 1123 2182 uae

111 2214 185 2252 'casu
208 2197 237 2249 in
257 2186 412 2249 Dodonaei
430 2193 529 2264 templi
555 2179 583 2248 e't
609 2191 718 2246 oraculi
734 2191 907 2247 consortium
920 2199 1039 2262 venerit,
1084 2199 1124 2251 io·

88 2365 93 2373 ,
116 2265 391 2388 nsnfflashuddm
415 2349 434 2386 a
454 2347 498 2385 me
527 2330 669 2401 disputata
694 2331 858 2384 confirmata
882 2332 1042 2400 nuperrime
1060 2341 1126 2386 sunt
1165 2307 1176 2380 ‚-

115 2402 229 2458 Scholio
258 2403 294 2455 ad
318 2403 474 2472 odysseam
493 2418 521 2472 γ,
539 2400 582 2454 91.
610 2401 660 2470 ubi
684 2401 802 2453 relatum
826 2405 884 2465 est,
904 2400 1088 2468 Amphitriten
1108 2417 1127 2454 a
1208 2440 1233 2464 y.

31 2475 36 2517 ἑ
114 2471 282 2543 quibusdam
303 2472 414 2540 populis
434 2472 606 2523 nominatum
625 2465 950 2529 malmesmeriensis
965 2468 1012 2520 eni
1029 2468 1125 2544 »ξἯρα

115 2542 211 2604 nsoter
227 2537 503 2610 superadunatum,
526 2537 609 2608 idque
628 2537 790 2606 Apollodori
809 2537 969 2589 testimonio
987 2539 1123 2591 firmatur.
1164 2529 1171 2547 '

117 2609 197 2662 Sitne
224 2614 317 2660 autem
344 2623 413 2661 vera
433 2607 516 2660 etiam
536 2605 605 2660 haec
623 2607 741 2660 nominis
764 2605 857 2657 {orma
874 2605 979 2670 Arnim,
994 2622 1029 2662 an
1048 2619 1124 2661 mnn-

26 2718 29 2726 l
119 2675 186 2730 dosa
205 2675 479 2756 tantumexscripta,
507 2675 621 2730 delinire
638 2675 722 2728 hodie
740 2690 794 2726 uon
813 2675 951 2741 experiar.

187 2744 299 2795 Dudum
317 2759 334 2795 a
350 2745 447 2813 peritis
462 2744 641 2798 observatum
657 2749 710 2806 est,
720 2747 721 2750 ’
732 2740 935 2808 mythologiam
952 2741 1124 2795 Graecorum

102 2841 106 2872 χ
121 2812 279 2877 congeriem
304 2828 365 2865 esse
391 2814 651 2876 diversissimarum,
677 2813 711 2863 de
725 2811 826 2864 iisdem
843 2825 934 2876 saepe
947 2811 1129 2884 τοὶρυεμὶιηα-Δ

121 2879 215 2947 ginum
233 2884 261 2930 et
279 2878 444 2934 fabularum.
479 2882 590 2951 Quippe
605 2882 630 2934 is
648 2885 710 2932 crat
725 2894 786 2931 mos
807 2880 981 2946 antiquarum
997 2882 1125 2949 gentium
1198 2921 1201 2930 r

120 2954 154 3000 et
175 2947 311 3016 imprimis
336 2949 520 3014 Graecorum,
550 2957 582 3003 ut
606 2950 709 3002 nullam
730 2951 817 3016 neque
842 2947 978 3014 majorum
1003 2964 1125 3017 suorum,
1192 2953 1204 2993 f

118 3032 207 3086 neque
224 3016 396 3085 singularum
416 3033 483 3071 suae
503 3018 744 3088 gentistribuum,
768 3031 856 3084 neque
877 3009 947 3070 ad‘eo
966 3019 1126 3072 exterarum

119 3087 278 3148 nationum,
306 3086 486 3155 religionem,
517 3088 622 3139 nullam
651 3085 893 3154 superstitionem,
925 3086 1028 3140 nullum
1059 3092 1132 3157 poili
1202 3141 1207 3146 ,

120 3170 183 3208 suos
212 3155 378 3220 antiquioris
404 3158 566 3224 figmentum
590 3171 644 3224 pro,
667 3170 739 3206 vano
763 3170 875 3224 prorsus
899 3153 1050 3220 haberent,
1075 3157 1126 3209 sed

56 3236 67 3254 ²
100 3225 176 3275 'suis
210 3222 340 3291 quodque
361 3229 467 3292 ·potius
495 3224 677 3293 religionibus
712 3224 890 3293 historiisque
920 3225 1125 3278 immiscerent:

118 3307 153 3344 ea
181 3296 276 3344 tamen
300 3292 377 3344 velut
392 3294 475 3361 lege,
502 3300 543 3356 ut,
573 3308 642 3360 quos
668 3292 779 3362 quidem
813 3293 881 3346 deos
908 3295 966 3345 suis
993 3291 1124 3362 quodam·

118 3357 198 3412 modo
228 3359 336 3414 similes
367 3360 509 3426 viderent,
541 3376 591 3428 pro
623 3362 737 3427 iisdem,
770 3363 822 3413 etsi
857 3360 968 3414 diverso
1004 3362 1125 3426 nomine,

117 3427 266 3495 haberent3
297 3429 321 3481 si
348 3444 417 3481 vero
443 3431 502 3481 suis
530 3428 633 3483 fabulis
658 3446 707 3494 ea,
731 3444 802 3497 quae
823 3431 858 3482 ab
878 3430 940 3482 aliis
960 3427 1063 3483 tradita
1083 3439 1127 3482 cs·

121 3503 191 3561 sent,
211 3498 293 3564 plane
311 3507 468 3567 repugnare
484 3497 687 3566 intelligerent,
715 3499 840 3566 diversos
857 3513 907 3551 sae
927 3498 1047 3561 edeos,
1079 3499 1126 3567 qui

122 3578 220 3646 revera
239 3567 323 3646 iidem
342 3573 431 3630 erant,
451 3566 604 3619 crederent.
644 3566 787 3620 Posterius
804 3567 888 3638 igitur
907 3515 925 3617 Ε

927 3583 961 3618 oc
979 3574 1037 3618 tum
1053 3573 1126 3637 spuo·
1196 3578 1198 3582 ’
1264 3543 1266 3554 ³

121 3645 173 3711 que
195 3648 230 3685 us
256 3634 374 3702 accidit,
400 3651 461 3687 cum
486 3635 544 3687 sive
570 3651 652 3704 reges
676 3637 791 3688 deorum
815 3634 936 3687 traditos
962 3635 1135 3702 invenirent*
1177 3681 1180 3688 .
1247 3653 1250 3666 s

79 3767 83 3774 .
122 3715 171 3766 qui
191 3714 253 3756 cum
269 3703 359 3767 love,
379 3705 440 3757 sive
464 3718 565 3756 uxores
588 3704 679 3768 lovis,
711 3719 783 3772 quae
807 3718 869 3756 cum
890 3702 1000 3762 lunone
1014 3695 1127 3760 misceri

120 3781 175 3820 non
201 3781 283 3834 posse
307 3773 475 3828 viderentur.
519 3767 576 3825 Sed
604 3788 677 3825 nova
700 3777 760 3824 'tum
792 3769 931 3824 existebat
959 3773 1127 3838 difficultss3
1236 3797 1240 3801 ·

120 3836 215 3906 plures
234 3838 307 3894 enim
331 3856 412 3909 reges
433 3840 463 3894 re
484 3841 581 3894 inasve
606 3839 761 3894 admittere
777 3855 832 3898 uon
856 3847 994 3910 poterant.
1038 3837 1138 3906 Quam'

119 3907 162 3958 ita
182 3905 333 3984 removisse
356 3909 425 3964 mihi
442 3857 571 3963 vigdentur
590 3911 769 3988 antiquiores,
793 3915 825 3974 ut
842 3908 911 3962 deos
929 3911 995 3965 illos
1013 3927 1127 3981 regnas·

122 3991 152 4026 sc
172 3973 294 4043 quidem,
317 3975 367 4028 sed
392 3994 409 4030 s
434 3980 505 4032 lore
524 3995 575 4032 suo
594 3979 685 4032 victos
702 3979 834 4045 caeloque
855 3979 960 4046 pulsos,
979 3981 1047 4033 deas
1063 3995 1126 4032 cum

80 4055 83 4074 t
121 4043 190 4096 Jove
210 4057 359 4097 consuesse
386 4047 511 4116 quidem,
541 4052 571 4100 at
596 4047 737 4114 legitimas
755 4047 856 4100 uxores
875 4063 931 4102 uon
951 4050 1053 4115 fuisse,
1080 4048 1141 4114 dos

122 4119 227 4164 cerens.
264 4111 301 4162 Et
318 4111 388 4167 haec
408 4115 539 4172 niiallor
557 4129 626 4170 vera
643 4123 687 4169 est
706 4115 914 4186 origoiabulae
932 4118 966 4170 dc
988 4115 1131 4170 litonibus

123 4181 201 4257 caelo
217 4180 346 4246 turbatis,
367 4189 396 4235 et
416 4181 452 4235 dc
468 4183 544 4238 doris
563 4183 719 4240 concubinis
735 4185 781 4252 iis,
801 4202 876 4256 quac
889 4189 969 4240 iuter
984 4183 1152 4240 Emesena,
