2664 4596
1034 125 1037 130 “
1088 129 1112 174 2

612 175 616 204 r

629 260 830 286 un--v-
925 257 928 270 l

203 389 330 512 ἓίέιηάξξη
338 382 413 510 lmen
437 382 489 440 bos
517 383 590 442 bunc
613 393 735 448 nostrum
759 391 917 452 affectasse.
953 397 1009 474 Sed
1031 417 1049 455 a
1073 403 1220 464 codicibus

352 763 355 772 Ι
549 657 786 735 uxouasus
816 667 872 735 vr.

332 855 333 858 γ
412 815 471 881 11,
486 813 566 909 an„
588 815 640 884 „a
660 817 720 899 νέᾳ.
764 819 827 886 Aa
843 817 874 914 p.
900 825 951 890 24.
971 826 1003 895 s.

213 1039 234 1046 -=
270 1006 324 1058 llic
341 1005 420 1058 locus
440 1002 474 1056 de
493 1007 598 1058 mensis
617 1003 663 1057 die
680 1004 859 1063 ultimasive
875 1013 968 1081 potius
990 1013 1076 1068 dubia
1090 1020 1213 1076 nondum

201 1077 278 1128 omni
303 1073 465 1127 difficultate
478 1073 626 1128 liberatus
652 1079 705 1129 est.
756 1077 849 1139 Quare
874 1081 958 1147 paulo
989 1088 1146 1140 accuratius
1177 1091 1213 1146 de

201 1144 255 1196 bae
277 1159 309 1196 re
330 1141 531 1211 dispiciendum
555 1150 607 1196 est
642 1139 811 1210 Incipiamus
835 1147 928 1202 autem
952 1154 1095 1207 anomina
1113 1175 1213 1226 νουμη.

141 1257 144 1270 ,
200 1214 253 1276 via,
276 1218 308 1264 ut
327 1211 436 1265 discant
454 1211 560 1265 tirones
577 1210 642 1264 illud
663 1211 751 1265 abeo
779 1217 854 1280 quod
872 1219 953 1294 nobis
977 1230 1021 1274 est
1041 1223 1210 1280 novilunium

199 1281 318 1334 dliierre.
361 1280 497 1334 Nimirum
522 1295 588 1334 vero
613 1295 663 1332 suo
690 1279 744 1332 hoc
766 1298 867 1368 nomep
891 1302 976 1341 sensu
1003 1290 1075 1358 apud
1098 1298 1210 1348 veteres
1279 1321 1281 1338 ι

198 1351 390 1419 usurpabatur,
414 1364 533 1417 eumque
553 1349 625 1402 diem
644 1349 821 1417 significabat
845 1369 874 1405 rn
894 1371 950 1424 quo
970 1359 1062 1425 prima
1081 1362 1209 1426 quamne

197 1421 351 1489 perexigua
367 1434 430 1486 pars
451 1418 601 1472 crescentis
616 1416 701 1470 lunae
718 1411 835 1487 vespert
844 1430 914 1542 ,lm
932 1440 1062 1482 oceasum
1077 1430 1209 1498 solisali·
1240 1459 1243 1476 r
1282 1463 1295 1472 .

198 1490 362 1556 quantisper
377 1487 586 1541 observabatur.
622 1489 714 1554 Atque
735 1488 770 1540 ab
791 1504 826 1541 aa
863 1491 890 1545 ie
908 1509 1010 1548 novum
1027 1497 1069 1550 illi
1084 1515 1208 1554 mensem

196 1558 350 1610 naturalem
376 1557 565 1612 numerabant
599 1556 678 1619 Quae
704 1570 748 1610 res
777 1573 840 1610 cum
864 1561 1069 1624 mathematicis
1094 1569 1208 1620 rationi-

167 1679 168 1682 ,
195 1627 248 1678 bus
269 1624 377 1680 deliniri
394 1641 449 1678 non
465 1630 567 1695 potest,
590 1625 742 1678 astronomi
759 1633 861 1694 postea
881 1631 989 1686 initium
1010 1637 1113 1688 mensis
1127 1636 1207 1694 luna·

104 1713 106 1720 '
194 1696 234 1748 ris
256 1697 284 1748 in
307 1694 397 1763 ipsum
417 1692 485 1746 illud
512 1694 647 1761 temporis
674 1700 842 1748 momentum
870 1711 1034 1766 posuerunt,
1061 1719 1114 1772 quo
1139 1705 1208 1759 luna

102 2311 103 2319 ’
193 2319 245 2376 set,
262 2313 335 2366 diem
355 2321 420 2367 ante
439 2313 570 2382 quodque
593 2312 764 2366 novilunium
783 2321 938 2368 statuerunt
956 2332 1017 2369 esse
1039 2319 1123 2371 inter,

79 2631 82 2640 ,
190 2595 268 2644 certo
292 2591 382 2642 mensi
401 2590 557 2656 antiquitus
575 2595 637 2642 erat
655 2591 799 2657 assignata
824 2605 874 2658 per
897 2587 1007 2644 dubium
1027 2593 1105 2646 illuni

195 1779 258 1816 cum
276 1763 336 1816 sole
356 1763 543 1830 coniungitur,
559 1761 653 1829 idque,
671 1778 735 1814 eum
753 1764 927 1820 nullilunium
939 1771 1031 1838 potius
1049 1780 1133 1839 esset,
1149 1790 1207 1827 sep.

155 1867 161 1890 .
193 1838 260 1886 vato
286 1839 381 1884 tamen
404 1831 519 1904 antiqno
548 1831 659 1883 nomine
683 1830 853 1888 novilunium
876 1852 988 1906 semper
1016 1838 1124 1895 dixere:
1157 1846 1207 1910 qui
1293 1893 1295 1898 ,

194 1918 255 1954 mos
271 1902 346 1954 solus
365 1899 448 1953 bodie
465 1899 539 1953 inter
557 1915 608 1952 nos
626 1899 711 1952 valet.
742 1899 847 1956 Verum
869 1907 1041 1976 antiquiores
1057 1913 1140 1964 ctiam
1158 1917 1206 1976 At·
1237 1965 1239 1972 χ

195 1971 246 2023 tici
267 1971 328 2038 ejus
351 1970 519 2038 cognitionis
545 1968 628 2022 rudes
649 1985 705 2022 non
733 1975 821 2022 erant.
858 1972 930 2027 Nam
950 1991 1074 2032 mensem
1101 1981 1136 2032 ab
1156 1981 1207 2035 illa

153 2045 156 2062 ⁴
194 2055 248 2091 sua
256 2039 388 2108 νουμηνίᾳ
400 2038 570 2105 incipiebant
586 2037 706 2105 quidem,
725 2040 776 2090 sed
788 2038 856 2092 illud
873 2058 985 2111 quoque
998 2058 1206 2117 perspexerant,

192 2109 279 2160 immo
302 2106 390 2159 oculis
409 2109 467 2162 suis
484 2105 559 2159 haud
574 2121 638 2159 raro
657 2108 873 2177 cognoscebant,
900 2112 993 2174 lunam
1012 2125 1140 2185 tempore
1154 2117 1203 2171 bu·

113 2189 116 2198 ·
190 2175 236 2244 jus
262 2175 397 2228 novilunii
420 2175 539 2243 spatium
564 2174 679 2242 aliquod
700 2176 764 2228 novi
783 2178 827 2229 sui
847 2181 977 2234 curriculi
997 2183 1057 2249 jdrn
1077 2200 1203 2252 permen·

192 2261 253 2298 sam
272 2259 343 2297 esse.
381 2245 462 2308 Quod
480 2244 540 2296 veri
557 2243 631 2296 initii
647 2251 816 2298 momentum
834 2261 895 2298 cum
915 2252 1048 2316 cognosci
1065 2269 1119 2305 non
1131 2271 1204 2372 ⁸fos·
1227 2253 1229 2256 ’

192 2384 340 2451 contiguos
356 2395 466 2438 meuses
484 2381 654 2452 ambiguum,
671 2398 792 2450 eumque
809 2383 870 2446 ἔνην
886 2383 932 2435 καὶ
948 2381 1013 2438 νέαν
1031 2338 1201 2453 perantiupltl

191 2453 329 2504 vocabulo
358 2451 561 2520 nuncupabant.
594 2452 668 2503 Hinc
692 2457 790 2519 sponte
816 2450 875 2504 lere
895 2455 974 2521 sequi
1000 2454 1117 2519 videtur,
1143 2405 1197 2509 lo·
1301 2501 1304 2508 ,

191 2523 279 2574 mines
298 2521 507 2588 superstitiosos
525 2521 560 2573 ab
586 2521 661 2572 omni
679 2536 710 2574 re
732 2521 791 2573 sive
812 2535 893 2572 sacra
909 2523 968 2575 sive
991 2524 1108 2592 prolana
1126 2540 1197 2644 guae

1144 2611 1198 2647 rem

190 2665 324 2726 quantum
349 2659 412 2712 fieri
434 2659 558 2727 potuerit
578 2658 753 2721 abstinuisse,
782 2673 817 2710 ac
842 2651 930 2712 mulla
951 2660 1013 2712 ideo
1033 2662 1145 2732 negotia
1163 2678 1198 2716 eo

188 2727 234 2781 dia
255 2730 420 2782 cessavisse.
438 2730 486 2780 ‘nt
508 2741 543 2779 ue
560 2725 614 2778 hoo
630 2733 698 2794 puto
713 2725 924 2780 tundamentum
945 2745 1007 2782 esso
1023 2731 1083 2798 ejus
1100 2733 1199 2783 reicu-

160 2858 161 2862 p
184 2797 230 2865 jus
255 2797 422 2851 mentionem
442 2795 470 2848 in
520 2793 689 2848 enrosthenis
716 2796 779 2849 loco
804 2796 910 2848 iactam
933 2799 1059 2852 vidimus.
1097 2798 1199 2856 Verum

187 2867 332 2934 vagailla
358 2872 386 2918 et
411 2865 518 2918 incerta
542 2872 649 2934 tempus
673 2864 833 2936 dimetiendi
858 2865 931 2917 ratio
951 2867 1050 2921 durare
1069 2884 1122 2920 non
1146 2885 1198 2936 po-

186 2937 250 2986 tuit.
285 2935 424 3004 Νουμηνία
449 2949 582 3002 persaepe
608 2933 686 2986 eaelo
713 2933 835 2987 obducto
858 2937 973 3003 agnosci
996 2953 1051 2988 non
1079 2944 1198 3004 potarat,

81 3007 82 3012 ’
187 3004 314 3074 etfiuxta
334 3004 478 3060 arbitrium
497 3002 553 3065 τῶν
571 3003 601 3054 ἐν
614 2999 684 3054 τέλει
702 3003 890 3070 praefinienda
910 3011 985 3069 erat;
1004 3007 1076 3058 unde
1098 3007 1197 3068 turbae

187 3070 429 3138 quamplurimae
454 3077 547 3123 natae.
584 3072 659 3123 certi
683 3070 769 3152 igitur
798 3077 828 3123 et
856 3071 918 3139 lage
946 3073 1065 3140 quadam
1091 3073 1196 3128 matbe-

186 3142 300 3202 matiea,
317 3141 444 3206 quamvis
462 3138 620 3200 arbitraria,
638 3139 708 3190 liniti
730 3154 839 3191 menses
859 3143 1105 3205 constituebantur,
1120 3145 1197 3196 veris

182 3209 239 3263 illis
263 3216 397 3277 quantum
419 3209 481 3262 lieri
507 3214 617 3277 poterat
641 3208 767 3272 proximi.
809 3208 915 3261 Horum
938 3211 1042 3279 primus
1060 3211 1196 3278 cujusque

184 3276 243 3331 dies
270 3283 346 3334 certo
367 3277 479 3330 nomine
496 3275 628 3347 νουμηνία
645 3275 806 3343 appellatus,
830 3276 889 3330 dies
910 3285 1001 3331 autem
1023 3275 1195 3348 praecedens

182 3363 238 3399 non
262 3348 354 3400 minus
378 3346 490 3413 quidem
512 3345 624 3398 delinita
646 3345 736 3398 mensi
750 3343 901 3398 decedenti
919 3349 1040 3402 tributus
1066 3355 1124 3414 est3
1151 3350 1196 3401 ita

98 3413 101 3418 “
182 3422 274 3470 tamen
292 3422 324 3468 ut
345 3411 489 3481 antilpuum
511 3413 582 3467 illud
606 3428 705 3466 nomen
724 3413 832 3467 aboleri
857 3431 911 3468 non
931 3419 1066 3484 potuerit3
1097 3413 1198 3485 quam-¹

181 3486 224 3536 vis
249 3479 393 3558 ἤτριακάς
414 3499 517 3536 nomen
540 3483 625 3536 etiam
645 3483 777 3535 usitatum
801 3488 889 3548 esset,
917 3486 1014 3536 niellus
1033 3485 1062 3537 id
1081 3489 1194 3554 utique;

182 3557 274 3606 tamen
305 3570 340 3606 ne
369 3552 422 3605 boo
455 3552 567 3618 quidem
599 3552 711 3604 omnino
741 3567 846 3614 verum,
877 3567 939 3604 cum
973 3553 1053 3605 multi
1082 3570 1194 3607 menses

162 3619 274 3673 ‘xxix
298 3629 403 3675 tantum
431 3628 525 3680 essent
549 3619 666 3672 dierum.
699 3621 808 3684 ‘Quibus
837 3626 880 3673 ila
903 3619 1037 3672 institutis
1068 3629 1097 3674 et
1128 3624 1193 3692 lege

158 3719 159 3724 =
180 3689 295 3742 sancitis
316 3691 431 3759 negotia
450 3690 534 3742 etiam
559 3695 702 3741 menstrua
727 3703 856 3809 Tuncque
881 3694 986 3740 certum
1005 3706 1086 3743 suum
1106 3690 1193 3770 babe-

179 3757 249 3808 bant
266 3763 295 3809 et
310 3760 420 3814 initium
439 3761 467 3811 e't
485 3759 576 3810 linem.
616 3757 645 3808 ld
672 3773 726 3824 quo
771 3756 835 3809 bino
854 3757 939 3810 etiarn
962 3767 1088 3827 apparet,
1116 3759 1192 3825 quod
1255 3785 1261 3798 ·

101 3821 112 3850 ”
180 3825 274 3878 Strato
302 3826 350 3878 ille
378 3825 622 3890 Demosthenicus,
661 3827 710 3893 qui
735 3827 835 3878 ultimo
864 3827 969 3878 mensis
998 3828 1044 3881 die
1076 3836 1190 3896 praesto

179 3909 242 3947 esse
266 3895 442 3963 neglexerat,
471 3897 498 3948 si
511 3895 587 3964 ,lege
614 3910 727 3961 quoque
753 3894 899 3961 ambiguus
928 3893 973 3947 bic
999 3897 1065 3950 dies¹
1082 3897 1192 3960 fuisset,

180 3963 307 4016 damnari
337 3964 448 4016 omnino
478 3979 534 4015 non
563 3964 709 4032 potuisset.
757 3963 858 4015 Verum
892 3978 928 4016 ea
955 3970 1019 4017 sont
1048 3964 1211 4018 bominum

176 4031 1067 4156 ⁵⁰⁸3⁹³²1:,ln‘iiltlll‘il'bl‘⁶¹¹5?nilliillill
1087 4039 1137 4155 ἓῖι
1158 4041 1193 4154 t

171 4114 290 4228 llznmlrgrzl
310 4114 408 4222 ῆιιιιιιε
423 4173 481 4231 est,
512 4115 642 4246 mering
657 4169 682 4221 si
712 4116 788 4237 lluae
813 4139 878 4224 inde
905 4118 997 4226 renel
1018 4118 1191 4236 oenvantln,
