2664 4596
10 195 160 272 ‘168
324 259 332 268 ,
501 185 700 286 »-.-,-’-

49 419 51 432 .
97 378 187 448 jubet.
225 380 299 446 Curi
331 377 475 446 Ulpianus,
498 376 545 444 rip
565 375 597 428 δὲ
616 367 831 463 vdpoiainquiq,
851 365 1033 446 ἀναγινδσιὶει
1049 377 1111 430 τῶν

19 507 21 512 Ι
102 447 254 511 διαιτητῶν,
272 443 318 499 ἵνα
336 447 409 517 δείξῃ
427 449 483 506 τοῖς
505 439 670 506 δικάζουσιιι
697 443 739 497 ὅτι
755 464 786 497 το
803 444 833 496 ἐκ
846 443 905 498 τῶν
922 441 1016 516 νόμων
1029 448 1111 515 τίμη-

86 535 144 587 ιμιι
161 515 338 568 κατεδίκασεν
368 513 381 565 o‘
408 510 537 585 Στράτων
563 511 610 564 καὶ
626 511 670 564 δτι
689 513 757 564 aare?
777 511 838 566 rode
862 509 893 564 νὸ
917 529 961 568 coc
978 513 1110 578 ἐποίησιν,
1190 573 1197 586 N

102 580 200 652 ἐρήμην
218 576 576 651 αὖτοῦλκαταψηφισάμενος.
614 581 800 643 Quamobrem
817 579 884 649 Spal
902 581 983 650 lngus
1002 583 1108 652 aliique
1198 585 1199 590 ’

55 653 58 676 ³
103 661 150 705 aut
168 653 194 704 lc
217 668 259 704 em
278 651 333 703 hic«
350 657 411 702 esse
436 649 543 701 allitam
570 650 605 701 ab
620 651 726 717 *inepto
746 651 928 719 grammatico
948 651 1058 716 falsam,
1080 652 1110 703 in

103 737 159 789 qua
174 668 243 773 nibil
262 719 295 772 de
324 717 377 770 hac
399 734 429 770 re
448 719 564 780 dicatur,
581 723 630 768 aut
648 723 756 785 partem
774 719 920 771 universae
938 717 972 783 de
992 720 1109 773 arbitris

101 790 175 858 legis
193 789 301 841 falsam.
339 785 398 839 Sed
418 799 476 838 non
499 787 580 838 video
599 784 737 854 quomodo
756 785 897 855 discrepet
913 789 1109 856 argumentum

30 867 32 874 ‘
102 861 214 928 postrae
229 856 300 925 legis
315 856 355 907 ab
373 854 426 906 hoc
442 854 527 906 locoi
560 853 631 906 Nam
652 864 735 922 quum
755 855 787 906 in
804 849 1032 924 praecedentibus
1053 851 1108 910 De·
1172 895 1176 901 .
1216 855 1219 870 '

102 925 261 978 mosthencs
282 921 546 987 dixisset,Midiam
568 927 684 989 poenam
697 920 759 975 ‘nou
776 922 872 986 luisse,
892 924 974 992 plane
995 941 1110 978 accom·

32 1015 34 1018 ·
103 995 216 1046 modata
239 991 304 1044 suat
327 993 390 1058 loco
415 992 502 1044 rerba
526 992 627 1058 quibus
653 990 863 1055 demonstretur,
881 991 945 1061 lege
963 995 1110 1047 astrictum
1168 1028 1177 1038 -

68 1081 79 1124 χ
102 1077 166 1114 csse
190 1060 305 1113 Midiam
330 1066 378 1122 ut,
406 1060 460 1112 etsi
484 1059 615 1112 Stratone
642 1061 837 1123 condemnato,
865 1062 995 1127 mulctam
1015 1063 1109 1115 abeo

102 1131 221 1185 edictam
240 1130 335 1182 lueret.
366 1127 437 1181 Nam
454 1130 509 1181 etsi
524 1127 557 1179 de
575 1128 781 1195 compromissis
797 1129 910 1182 arbitris
928 1125 983 1182 hac
997 1130 1026 1181 in
1040 1131 1109 1200 lege

102 1199 229 1259 edicitur,
255 1197 350 1250 Strato
376 1202 468 1248 autem
494 1195 622 1264 publicus
647 1203 706 1247 erat
731 1197 848 1260 arbiter,
870 1203 964 1251 tamen
990 1196 1108 1250 eandem
1198 1261 1201 1265 .

101 1263 157 1319 rim
171 1265 300 1319 'habebat
320 1265 458 1338 Stratonis
476 1265 709 1332 sententia,·quia
729 1280 746 1316 a
766 1264 953 1326 Demosthene
971 1266 1108 1319 ciminia

23 1381 24 1385 ,
80 1339 81 1342 ’
102 1334 356 1404 encompromisso
373 1333 478 1386 electus
499 1339 561 1386 crat
579 1330 691 1384 arbiter.
714 1335 847 1386 ¹Ceterum
865 1351 920 1404 nqn
940 1335 1109 1406 negaverim,

101 1410 210 1472 partem
222 1410 338 1464 ,tantum
353 1403 497 1470 universae
524 1399 557 1454 de
577 1401 689 1454 arbitris
713 1402 784 1470 legis
804 1402 949 1466 nobinhic
968 1409 1110 1458 serratam

59 1485 61 1490 ’
103 1485 175 1524 esse.
210 1473 288 1524 ilaec
313 1471 349 1523 de
374 1477 470 1523 nostro
497 1473 559 1522 toto
581 1470 644 1522 loco
668 1469 924 1538 sufficiantcplura
942 1470 976 1524 de
995 1472 1110 1536 arbitris

2 1591 7 1604 ⁶
100 1539 197 1593 videas
216 1539 245 1591 in
267 1539 475 1591 lludtwalckeri
500 1536 535 1590 de
560 1538 674 1590 arbitris
699 1537 808 1602 libello,
841 1555 957 1608 quocum
976 1540 1024 1592 ubi
1042 1556 1108 1593 con·

101 1611 233 1662 sentirem
244 1607 292 1660 ubi
303 1607 487 1676 discreparem
503 1622 558 1659 non
574 1607 675 1675 ubique
687 1604 753 1670 dixi,
766 1614 798 1676 ut
811 1606 922 1662 chartae
930 1639 932 1642 ·
941 1607 1109 1679 parcerem]

96 1777 99 1788 ‘2
177 1813 180 1826 .
256 1757 506 1861 mxouasus
536 1773 625 1842 xlv.
655 1775 705 1840 aa
723 1777 758 1865 q.
780 1777 812 1840 o.
834 1777 955 1864 cel

170 1934 224 2018 [hp
239 1941 305 1986 ‘rem
329 1933 470 2002 difficilem
498 1925 527 1988 e't
567 1949 618 1986 uae
631 1933 786 1994 ,audaciae
802 1935 904 1999 crimen
923 1933 1025 1988 afferre
1043 1933 1113 1988 milri

101 2003 192 2070 possit
211 2003 369 2071 aggredior,
396 2005 424 2054 in
443 2004 544 2070 quodt
591 2002 792 2056 en'discrimen
812 2017 856 2055 me
875 2004 988 2056 confero
1006 2004 1110 2055 verita·

102 2071 263 2130 tis‘caussa,
284 2087 337 2122 non
356 2073 412 2123 mei
430 2071 553 2138 cupidus.
598 2072 650 2124 list
671 2073 743 2124 enim
764 2069 811 2121 hic
830 2071 916 2135 locus,
936 2087 1017 2140 quem
1037 2071 1110 2122 anti·

104 2138 219 2206 quitatis
242 2138 399 2204 cognitione
416 2141 527 2205 penitus
548 2140 646 2192 imbuti
662 2139 724 2202 riri,
743 2140 884 2208 Augustus
905 2139 1053 2202 Bceckh*)
1080 2145 1111 2192 et
1134 2169 1141 2172 -

95 2206 252 2258 ¹Mauritius
270 2207 360 2258 Meier
372 2207 416 2266 **)
441 2206 602 2270 doctissime
620 2209 798 2276 interpretati
821 2207 1035 2272 Demosthenem
1051 2213 1109 2260 tur-

103 2274 216 2334 bulente
235 2274 337 2330 dixisse
351 2272 529 2328 contendunt.
559 2275 679 2328 Primum
691 2277 764 2328 enim
779 2273 990 2328 Demosthenem
1009 2275 1108 2326 discri-

16 2353 24 2360 ··
60 2343 62 2348 ’
103 2339 175 2394 meri
192 2343 463 2409 intercedere-inter
486 2351 585 2396 causas
612 2340 720 2412 βλάβης,
752 2341 902 2413 δβρεωςησι
921 2342 950 2394 τὰ
984 2341 1106 2411 δημοσίᾳ
1132 2391 1134 2400 Ἴ,

34 2427 37 2432 ·
67 2419 76 2438 ”
102 2411 205 2484 κρίνειν
222 2412 368 2473 dicturum,
389 2412 528 2479 proprium
547 2411 596 2466 rori
612 2412 731 2483 δημοσίᾳ
749 2413 850 2482 κρίνειν
868 2409 1105 2478 afferre„ripiwa

102 2477 213 2546 lucipeta
227 2477 278 2541 iias
291 2480 343 2552 ted
357 2481 460 2532 παθεῖν
484 2479 498 2544 ἢ
517 2475 657 2543 dubriam,
680 2497 762 2601 quum
781 2481 856 2534 idem
871 2480 973 2532 iactum
993 2493 1054 2530 csse
1073 2480 1105 2529 in
1158 2463 1163 2500 ‘

104 2563 204 2600 caussa
225 2547 324 2615 ὕβρεως
349 2552 464 2600 constet.
504 2549 576 2602 Tum
610 2565 688 2618 comp
701 2562 781 2602 exuas
814 2563 940 2602 caussam
969 2547 1106 2617 privatam
1157 2607 1162 2612 ..

103 2610 200 2683 βλάβης
218 2624 245 2670 et
257 2623 392 2672 *caussam
413 2615 552 2683 publicam
572 2615 671 2688 ὕβρεως
694 2633 756 2672 eum
776 2619 909 2686 profiteri,
925 2616 968 2668 his
986 2632 1017 2667 se
1031 2631 1110 2684 repu-

1 2685 2 2692 ’
105 2684 189 2742 dietis
206 2701 294 2736 ,suum
321 2685 535 2737 eniclumentum
561 2685 604 2737 dni
627 2685 682 2738 τῶν
702 2685 782 2737 ἰδίων
802 2685 888 2738 δικῶν
906 2684 1043 2745 omisisse,
1064 2683 1113 2746 δη-

104 2752 189 2824 μοσίᾳ
206 2753 333 2820 κρίνοντα
350 2753 391 2805 rei
411 2753 536 2820 publicae
558 2769 676 2822 paenam
694 2754 876 2818 concessisse,
890 2753 1063 2822 quumips'e
1083 2753 1113 2804 in

104 2822 281 2888 sequentibus
308 2820 397 2883 dicat,
424 2835 551 2876 caussam
572 2821 672 2892 ὕβρεως
692 2839 754 2875 esse
774 2822 913 2888 publicam
938 2836 1112 2890 poenamque
1140 2871 1148 2877 .,

8 2919 40 2936 s
124 2891 243 2942 ertinere
270 2891 304 2941 ad
329 2889 536 2957 rempublicam.
578 2890 638 2942 lam
666 2907 727 2944 cum
751 2892 836 2943 venia
862 2891 972 2944 illorum
991 2891 1113 2942 virorum

104 2905 175 3010 baec
202 2957 341 3011 dicantur:
383 2957 510 3026 Coiicedo
537 2959 661 3028 quidem,
686 2965 824 3012 commoto
853 2961 950 3012 animo,
967 2963 995 3011 et
1012 2957 1114 3026 raptim

87 3053 88 3058 =
106 3027 273 3079 scribentem
299 3028 328 3078 in
355 3025 486 3086 dictionis
502 3027 577 3080 'vitia
595 3029 720 3096 aliosque
738 3043 848 3080 errores
862 3030 1002 3080 incurrere
1020 3041 1113 3094 possea

106 3094 156 3146 sed
174 3109 218 3146 res
238 3094 384 3161 judiciales
407 3102 435 3148 et
459 3110 508 3148 eas
533 3097 641 3163 quidem
663 3096 794 3164 litigiosis
818 3094 1031 3149 Atheniensibus
1052 3110 1114 3162 per·

108 3177 189 3232 quam
208 3168 299 3224 notas,
314 3163 343 3214 in
361 3163 457 3230 qulbus
475 3163 517 3232 ita
533 3171 669 3227 versatur,
693 3165 774 3224 otiis
794 3165 875 3234 quasi
891 3160 1115 3232 promptis-telis

107 3233 246 3352 armisque
273 3233 365 3304 primo
392 3248 500 3301 quoque
527 3240 650 3301 tempore
676 3239 769 3284 utatur
794 3233 909 3286 turbare
935 3249 998 3285 eum
1022 3247 1116 3300 posse,

107 3315 163 3353 non
181 3316 196 3353 c
212 3297 273 3354 edo.'
309 3298 412 3363 Nostri,
438 3299 578 3354 hominum
604 3307 683 3353 tanto
705 3302 796 3370 spatio
814 3302 991 3360 crateribus
1009 3300 1116 3366 diacre·

108 3373 207 3432 torum,
231 3367 303 3420 oculi
328 3373 372 3420 tot
386 3369 594 3435 ,impedimentis
617 3369 744 3422 obstricti
764 3377 837 3432 sunt,
856 3377 897 3433 ut,
915 3372 1040 3439 quamvis
1062 3369 1115 3420 mi·
1266 3427 1268 3432 ,

108 3437 205 3506 rabilis
228 3437 398 3505 quorundam
420 3439 549 3506 cognitio
573 3439 627 3502 sil,
656 3445 749 3490 tamen
776 3440 855 3506 prius
873 3446 986 3492 nostrae
1003 3437 1115 3503 inopiae
1214 3497 1217 3500 .

66 3517 67 3520 ’
109 3520 191 3573 quam
218 3505 344 3558 Oratoris
372 3508 490 3574 spectati
514 3508 652 3575 rebusque
681 3509 799 3575 publicis
825 3506 1009 3560 versatissimi
1026 3506 1117 3558 errori

76 3599 86 3610 ν
108 3574 241 3640 imputari
255 3581 391 3643 oporteat
407 3589 450 3635 ea,
468 3590 538 3643 quae
558 3577 632 3628 inter
647 3589 679 3629 sc
694 3578 850 3646 repugnare
870 3574 1024 3626 videantur.

39 3670 40 3673 =
134 3685 138 3692 ,
176 3643 305 3710 Donabpr
328 3643 414 3712 igilur
441 3642 655 3697 Demosthenem
686 3644 756 3702 haec
788 3647 930 3712 loquutum
958 3640 1118 3696 defendere.

109 3697 162 3760 Rei
180 3724 241 3770 esse
270 3711 336 3764 dicit
360 3710 563 3765 Demosthenes
581 3711 757 3776 contendere,
773 3714 929 3774 institutam
947 3711 984 3762 ab
1002 3726 1118 3764 accusa·
1197 3747 1199 3752 -

109 3783 169 3828 tore
188 3779 326 3831 actionem
346 3780 455 3832 crimini
472 3795 527 3831 non
545 3785 704 3844 convenire,
712 3783 795 3835 aliam
816 3781 926 3834 institui
947 3781 1119 3848 oportuisse.
1143 3775 1154 3800 χ

29 3892 32 3898 ,
109 3845 212 3899 Midias
232 3845 317 3914 igitur
336 3850 384 3912 ait,
411 3849 434 3900 si
456 3864 524 3900 vera
543 3850 608 3916 sint,
627 3865 698 3919 quae
718 3848 1120 3926 criminetur,Demosthenes;
1201 3875 1206 3882 ·

180 4033 197 4086 ⁸)
216 4035 241 4079 ln
258 4033 343 4079 libello:
359 4031 405 4081 Von
425 4037 446 4084 d.
465 4038 618 4087 Zeitvcrhiltn.
632 4041 654 4088 d.
675 4029 785 4086 Demosth.
803 4039 863 4086 Rode
881 4011 903 4100 q.
920 4038 996 4084 Midias
1015 4054 1049 4112 p,
1061 4038 1104 4088 lis.

41 4153 43 4158 ·
87 4175 90 4178 ,
132 4175 136 4184 ὁ
167 4125 195 4176 ⁸⁶)
217 4127 242 4172 ln
260 4129 327 4173 libro:
349 4127 396 4196 Der.
411 4132 506 4174 llttische
527 4132 614 4186 l'rccels
632 4135 654 4191 p.
677 4133 723 4176 175
743 4148 777 4193 sq.
